2698 3769
0 896 36 942 5.

83 194 353 280 capstm.
397 197 493 255 DE
534 189 845 252 ECCLIPSI
885 183 1125 245 TERRAE
1164 185 1252 243 ET
1292 178 1506 242 Moru
1536 174 1938 239 vannorum
1980 174 2212 232 LUNAE.
2295 179 2407 247 559

232 327 660 382 DEF1N1T10
740 318 1023 375 XCVII.

172 433 338 484 1068.
367 424 420 476 In
447 419 622 494 Eclipfi
647 415 879 475 Terrestri
914 431 1069 468 motus
1104 411 1186 465 ho-

87 512 250 563 rarius
291 502 360 555 est
395 518 505 572 pars
543 499 632 552 viae
672 494 997 554 Penumbrae,
1041 509 1191 563 quam

88 582 119 637 a
153 598 325 635 centro
390 577 678 632 Penumbrae
710 574 833 628 intra
872 570 1010 625 unius
1060 569 1192 623 horae

95 659 299 734 spatium
332 658 469 710 Luna
497 652 716 709 conficit.

250 770 690 823 DEFJNITIO
750 759 1037 817 XCVIII.

184 868 513 930 low-Recta
532 866 629 919 TC
654 883 716 918 ex
745 876 915 917 centro
940 854 1119 914 d·sciT
1143 854 1190 908 in

0 966 47 1010 V.
99 948 228 1001 viam
258 945 549 999 Penumbrae
576 945 688 997 NM
728 934 1193 1013 perpendiculariter

0 1046 24 1077 r.
100 1026 246 1079 duC‘ta
271 1022 449 1076 dicitur
466 1023 624 1076 Arcus
648 1019 1193 1076 Latitudinariusfium

0 1118 41 1151 2·
102 1122 164 1158 ex
193 1098 404 1154 adverso
439 1102 565 1153 reeta
591 1102 685 1153 ἸὈ
712 1099 757 1150 in
789 1110 961 1150 centro
991 1090 1104 1145 disci
1131 1090 1194 1146 ad

102 1179 391 1251 Eclipticam
421 1179 502 1232 ΕΙ.
535 1172 946 1249 perpendicularis
976 1169 1196 1242 designet

102 1256 249 1333 ipsam
272 1254 601 1310 Latitudinem
627 1255 776 1307 Lunae
801 1254 846 1306 in
872 1255 946 1313 Ο,
970 1267 1196 1320 tempore

105 1355 233 1391 verae
283 1335 495 1407 Copulae
529 1329 609 1389 seu
637 1330 1015 1403 Conjunfflonis
1048 1330 1202 1392 Lunae,

106 1433 220 1469 cum
250 1413 383 1468 Sole.

296 1516 900 1570 COROLLARIUM
970 1510 1010 1562 Ι.

179 1620 320 1666 1070.
335 1606 475 1650 Arcus
495 1601 615 1648 adeo
635 1599 989 1648 Latitudinarius
1010 1600 1197 1663 respon-

110 1671 190 1719 det
217 1670 340 1718 arcui
371 1670 492 1716 inter
516 1680 673 1715 centra
688 1701 704 1721 ‚
719 1684 814 1729 quo
836 1667 967 1733 supra
989 1668 1034 1714 in
1057 1669 1205 1730 Eclip-

111 1738 231 1785 sibus
271 1736 524 1785 Lunaribus
554 1739 596 1781 &
640 1733 872 1782 Solaribus
924 1732 1097 1784 fuimus
1143 1734 1207 1782 uli

113 1807 182 1864 (§·
197 1819 286 1866 945
304 1802 337 1865 )·

307 1884 735 1937 CoRoLLARI
759 1898 849 1935 um
935 1881 1008 1934 II.

186 1976 275 2014 107
290 1976 332 2007 1.
357 1959 564 2020 Quando
582 1963 801 2008 Centrum
823 1957 1086 2006 Penumbrae
1108 1973 1212 2021 per-

114 2028 242 2076 venit
268 2027 314 2074 in
339 2027 381 2073 O
398 2059 411 2079 ,
437 2026 717 2085 Coniunffio
733 2041 836 2073 vera
858 2024 1049 2076 accidit3
1068 2041 1211 2087 quan-

117 2094 182 2168 do
209 2110 330 2207 vetes>f
348 2093 397 2140 in
420 2095 460 2142 C
481 2090 803 2147 constituitur,
828 2091 1092 2141 obscuratio
1116 2107 1211 2139 ma-

117 2176 245 2209 xlma
271 2178 291 2207 e
334 2195 346 2209 .

281 2248 830 2300 CoRoLLARmM
913 2245 1046 2299 111.

191 2339 279 2375 107
292 2340 332 2369 2.
353 2323 394 2369 Si
421 2336 552 2369 arcus
584 2322 941 2370 Latitudinarius
971 2324 1051 2371 TC
1075 2319 1216 2369 fuerit

121 2389 306 2451 aequalis
356 2386 537 2435 summae
587 2389 1046 2437 Semidiametrorum
1103 2386 1216 2436 disci

121 2459 268 2504 Terrae
299 2469 438 2516 atque
467 2454 724 2502 Plenumbae
755 2458 824 2503 vel
852 2456 943 2502 hoc
962 2469 1216 2519 aggregato

123 2524 270 2579 maior
286 2544 301 2575 ;
321 2524 443 2568 nulla
464 2520 601 2568 datur
616 2520 796 2582 Eclipfis
814 2525 978 2570 Terrae.
1016 2527 1066 2569 In
1089 2536 1219 2570 utro-

124 2605 217 2650 que
258 2590 379 2634 enim
411 2586 509 2634 casu
553 2587 810 2634 Penumbra
854 2591 991 2638 Lunae
1027 2592 1218 2636 Terram

123 2655 318 2701 minime
347 2652 453 2700 ferit
468 2687 483 2707 ,
502 2654 717 2714 adeoque
738 2657 886 2701 nullus
904 2655 1042 2703 datur
1061 2657 1105 2704 in
1127 2660 1220 2703 He-

123 2719 381 2783 misphaerio
418 2722 569 2767 Terrae
598 2719 860 2769 illuminato
898 2723 1030 2770 locus
1054 2755 1068 2775 ,
1088 2721 1221 2785 quod

120 2787 277 2848 aliqua
296 2786 500 2834 Luminis
522 2799 652 2847 parte
679 2787 910 2846 privetur,
935 2788 1221 2851 consequen-

124 2866 197 2905 ter
226 2855 349 2901 nulla
369 2852 430 2900 est
454 2851 637 2915 Eclipfis
663 2855 809 2902 Terrae
838 2851 1017 2915 (βιοῖ
1035 2872 1053 2902 1
1076 2859 1108 2913 ).

277 2938 886 2992 CoRoLLARIUM
955 2940 1057 2992 IV.

198 3040 216 3072 1
231 3040 340 3086 073.
359 3023 402 3070 Si
428 3039 561 3071 arcus
591 3023 950 3073 Latitudinarius
971 3029 1051 3076 TC
1081 3023 1224 3072 fuerit

126 3090 282 3142 minor
313 3103 568 3153 aggregato
606 3107 663 3137 ex
705 3091 1059 3141 Semidiametro
1096 3089 1223 3139 Disci

125 3159 276 3205 Terrae
299 3163 338 3204 δι
354 3156 707 3204 Semidiametro
721 3159 983 3206 Penumbrae
999 3177 1011 3212 3
1031 3163 1226 3207 Penum-

126 3223 210 3273 bra
237 3226 383 3272 Terrae
403 3222 681 3286 superficiem
713 3221 875 3278 fuerit,-
899 3225 1115 3289 adeoque
1145 3224 1224 3272 ali-

125 3304 218 3350 qua
254 3289 508 3351 superficiei
541 3304 645 3352 pars
675 3291 868 3339 Lumine
903 3293 1050 3340 Solari
1078 3292 1226 3355 priva-

125 3366 229 3411 tur,
255 3354 591 3421 consequenter
612 3357 750 3406 Terra
770 3358 940 3409 alitubi
963 3358 1224 3426 Eclipsatur.

1504 313 1605 367 Co
1632 319 2064 363 ROLLAR1UM
2131 305 2199 355 V.

1375 406 1516 446 1074·
1558 390 1601 436 Si
1636 387 1837 448 denique
1879 397 2009 431 arcus
2046 378 2405 429 Latitudinarius

1306 461 1385 505 TC
1413 457 1551 504 fuerit
1574 455 1728 502 minor
1748 461 2002 517 aggregato
2021 465 2076 494 ex
2111 446 2406 492 Semidiame-

1308 538 1384 571 tro
1413 523 1536 570 Disci
1556 528 1595 569 δι
1619 518 1973 567 Semidiametro
1991 512 2205 563 Umbrae3
2230 511 2410 559 Umbra

1310 607 1390 654 per
1412 587 1584 636 discum
1608 592 1753 634 Terrae
1776 596 1990 631 movetur
2009 615 2024 635 ‚
2045 579 2262 641 adeoque
2283 577 2411 626 idern

1310 656 1479 705 alicubi
1509 658 1644 717 plene
1675 651 1961 707 obscuratur.

1486 750 1864 800 THEOREM
1898 759 1927 792 A
2013 739 2237 792 XLII.

1398 838 1562 893 1075.
1611 822 1711 890 Qi
1743 828 1796 875 in
1842 818 2023 872 Umbra
2060 815 2210 869 Lunae
2244 812 2414 882 consti-

1314 920 1518 958 tuuntur
1536 941 1551 965 ,
1579 901 1789 972 Eclipſjn
1819 896 1942 950 Solis
1966 897 2141 952 vident
2183 896 2377 947 totalem
2396 921 2417 959 ς

1314 988 1399 1054 qui
1443 1001 1558 1033 vero
1609 986 1661 1032 in
1710 977 1983 1032 Penumbra
2028 975 2380 1037 constituuntur
2397 1018 2416 1044 2

1313 1059 1500 1127 nonnisi
1535 1059 1798 1130 partialem
1822 1094 1834 1116 ‚
1875 1069 2014 1108 tanto
2062 1067 2225 1103 tamen
2263 1055 2416 1122 majo.

1313 1157 1429 1200 rem,
1447 1157 1534 1210 quo
1552 1151 1712 1188 centro
1734 1132 2003 1188 Penumbrae
2016 1133 2258 1201 propiores
2270 1126 2420 1199 fimt,

1539 1226 2211 1277 DEMoNSTRATm.

1393 1312 1496 1383 Qi
1532 1312 1664 1365 enim
1718 1311 1764 1362 in
1803 1309 2004 1363 Umbra
2051 1309 2201 1360 Lunae
2247 1299 2425 1356 constr-»¹

1316 1407 1549 1444 tumtur,
1570 1389 1630 1443 ad
1661 1406 1747 1441 eos
1775 1387 1894 1440 nulli
1922 1382 2116 1457 prorsus
2153 1380 2296 1435 Radii
2333 1382 2425 1433 So.

1319 1470 1373 1523 lis
1399 1469 1568 1522 directi
1595 1468 1876 1539 pertingere
1903 1460 2114 1535 poffunt.
2164 1458 2305 1515 Nihil
2333 1457 2422 1529 igi-

1319 1564 1400 1601 tur
1425 1546 1554 1601 Solis
1581 1546 1748 1599 vident
1797 1548 1954 1609 (§.42
1973 1543 2191 1613 Optic.),
2225 1534 2306 1591 sed
2337 1534 2429 1593 Sol

1322 1624 1428 1697 ipfis
1454 1640 1590 1677 totus
1625 1624 1805 1695 tegitur
1841 1621 2042 1691 (§.122
2080 1615 2298 1689 Optic.).
2340 1612 2431 1668 Sol

1324 1704 1474 1776 igitur
1501 1719 1635 1755 totus
1664 1698 1832 1754 iisdem
1870 1696 2156 1752 obscuratus
2199 1694 2430 1750 videturss

1326 1779 1692 1851 consequenter
1717 1776 1921 1851 Eclipfin
1950 1776 2078 1829 Solis
2106 1772 2281 1830 vident
2302 1784 2430 1825 tota-

1327 1861 1421 1914 lem
1450 1861 1651 1930 (§.982
1673 1857 1709 1927 ).
1755 1857 1899 1926 Quod
1921 1873 2025 1909 erat
2045 1859 2276 1926 primum.

1408 1939 1677 1992 Enimvero
1707 1935 1795 2008 qui
1824 1936 1872 1988 in
1921 1932 2205 1987 Penumbra
2250 1925 2436 1982 consti·-

1329 2031 1532 2071 tuuntur
1552 2055 1566 2078 ‚
1603 2015 1665 2068 ad
1692 2032 1776 2068 eos
1802 2031 1862 2066 ex
1891 2011 2058 2083 aliqua
2084 2004 2435 2063 tantummodo

1330 2093 1656 2151 DisciSolaris
1681 2108 1818 2165 parte
1843 2091 1986 2145 Radii
2010 2089 2128 2142 nulli
2152 2084 2434 2159 pertingere

1333 2171 1560 2246 possunt,
1589 2190 1703 2225 curn
1732 2185 1896 2223 tamen
1923 2188 1986 2222 ex
2017 2167 2205 2238 reliqua
2246 2162 2310 2216 ad
2348 2177 2443 2216 eos

1332 2267 1689 2324 propagentur.
1753 2247 1986 2319 Aliquam
2023 2245 2172 2318 igitur
2216 2256 2435 2297 tantum·-

1333 2329 1493 2384 modo
1517 2328 1643 2384 Solis
1679 2341 1867 2400 partem
1900 2343 2001 2378 non
2032 2322 2236 2384 vident,
2267 2317 2436 2372 vident

1334 2426 1458 2461 vero
1496 2407 1735 2478 reliquam
1778 2409 1862 2468 (§.
1892 2417 1964 2465 42
1998 2400 2218 2474 Opem),
2270 2392 2438 2451 conse-

1335 2502 1547 2560 quenter
1590 2486 1733 2537 Luna
1790 2481 1899 2554 ipfis
1945 2476 2302 2535 tantummodo
2350 2472 2440 2527 alis

1335 2584 1485 2639 quam
1510 2561 1640 2617 Disci
1667 2562 1850 2616 Solaris
1877 2577 2067 2631 partem
2100 2555 2318 2608 occultat
2339 2591 2353 2614 ,
2381 2568 2440 2605 ae

1338 2643 1454 2697 ideo
1482 2639 1689 2711 Eclipfin
1725 2638 1895 2692 vident
1934 2637 2060 2691 Solis
2102 2631 2293 2687 nonnifi
2329 2646 2442 2704 par-

1338 2721 1524 2776 tialem.
1567 2719 1712 2780 Quod
1731 2733 1834 2771 erat
1848 2716 2123 2787 secundum.

1412 2796 1613 2870 'Qodli
1630 2815 1749 2849 vero
1769 2796 1977 2848 Schema
2002 2792 2252 2846 delineare
2272 2782 2444 2839 volue=

1341 2878 1433 2936 ris,
1450 2877 1593 2930 facile
1622 2873 1866 2927 constabit
1886 2911 1900 2933 ,
1921 2890 2026 2943 quo
2052 2869 2160 2942 quis
2193 2864 2403 2921 Umbrae
2420 2898 2440 2918 ,.

1343 2952 1707 3027 consequenter
1753 2966 1925 3005 centro
1973 2946 2259 3002 Penumbrae
2295 2938 2438 2994 fuerit

1343 3033 1564 3107 propior,
1583 3049 1646 3085 eo
1669 3030 1909 3097 majorem
1938 3028 2065 3081 Solis
2085 3039 2273 3098 partem
2298 3017 2326 3072 a
2348 3019 2447 3071 Lu=2

1345 3130 1408 3167 na
1432 3111 1595 3166 eidem
1624 3107 1880 3162 occultari.
1907 3106 2078 3179 Atque
2097 3102 2228 3156 adeo
2248 3091 2448 3166 Eclipfis

1346 3189 1559 3263 partialis
1605 3202 1746 3240 tanto
1802 3184 2054 3239 videbitur
2099 3180 2256 3245 major
2281 3213 2296 3232 ,
2338 3188 2450 3243 quo

1345 3269 1457 3341 quis
1492 3281 1667 3322 centro
1701 3263 1994 3321 Penumbrae
2037 3257 2181 3316 fuerit
2214 3252 2445 3330 propiort

1345 3346 1491 3421 Qod
1510 3362 1616 3403 crat
1641 3348 1860 3401 tertium
2296 3381 2301 3385 .
2326 3405 2378 3464 C

2390 3422 2444 3458 On
