2698 3769
141 522 188 566 n.
203 533 249 573 4..

313 216 426 275 354

103 328 284 385 Tath.

104 398 203 457 fig.
242 416 287 460 5.

434 350 515 389 ma
533 332 613 390 seu
642 345 674 396 6
703 352 863 410 partes
900 334 1110 408 aequales
1144 353 1297 410 quam
1336 355 1412 393 ac·

435 415 728 469 curatiffime
758 412 1117 469 subdividatur.

322 503 408 553 14.
423 496 496 546 Ex
518 494 713 547 Centro
735 491 1036 568 Qadrantis
1070 490 1316 546 ducantur
1360 492 1408 547 in

427 571 609 626 Limbo
637 569 742 626 duo
766 579 927 625 Arcus
953 572 1408 642 conetur-rici,quo.

428 668 535 704 rum
562 649 785 704 distantia
812 652 880 704 bd
907 648 1052 722 digiti
1093 647 1406 703 intervallum

429 747 530 782 non
560 729 770 783 excedat
792 732 842 782 δε
869 725 997 781 sexta
1019 725 1277 792 cujussibet
1301 744 1410 800 gra-

429 806 522 860 dus
547 825 688 878 parS,
714 807 873 879 qualis
892 826 968 863 σε,
996 801 1245 858 dividatur
1264 807 1309 859 in
1340 822 1408 862 10

430 900 593 957 partes
615 885 832 955 aequales
861 881 1043 939 eodem
1069 882 1408 956 artifici0‚quo

428 963 477 1014 in
503 962 646 1015 Scala
671 962 994 1016 Geometrica
1020 960 1294 1016 dividenda
1322 963 1409 1015 uti-

430 1058 540 1093 mur
584 1039 818 1109 (§.277.
850 1038 1060 1105 Geom.)
1088 1058 1101 1095 ;
1152 1039 1235 1093 nisi
1269 1039 1411 1113 quod

427 1119 544 1172 loco
581 1121 816 1173 rectarum
852 1118 1194 1191 parallelarum
1222 1119 1410 1172 ducan-

431 1212 510 1251 tur
533 1196 690 1250 Arcus
715 1197 944 1250 extremis
964 1199 1024 1251 ab
1052 1201 1101 1252 &
1126 1200 1187 1250 cd
1209 1197 1412 1269 paralle-

428 1276 489 1338 li,
510 1277 596 1347 qui
626 1276 673 1328 in
706 1294 806 1329 uno
831 1275 989 1347 gradu
1022 1275 1148 1330 abcd
1162 1294 1251 1346 pro
1278 1276 1412 1328 lineis

428 1355 569 1408 reeiis
604 1355 723 1407 citra
758 1373 977 1409 errorem
1025 1351 1294 1409 senfibiletn
1329 1356 1412 1408 ha-

427 1433 538 1487 beri
567 1431 777 1498 possunt.
825 1435 987 1486 Immo
1029 1448 1165 1504 patet
1229 1430 1410 1485 eodem

429 1507 625 1584 prorsus
653 1512 810 1565 modo
843 1511 1058 1564 minores
1085 1509 1345 1564 divisiones
1365 1511 1412 1563 in

430 1590 559 1644 dena
587 1590 659 1642 vel
688 1591 838 1663 quina
864 1588 1072 1643 secunda
1101 1590 1274 1643 haberi
1304 1586 1422 1660 pos-‘

429 1666 477 1721 se
497 1708 509 1729 ,
530 1666 765 1739 siquidem
795 1668 1075 1741 amplitudo
1099 1668 1413 1724 Instrumenti

428 1747 548 1799 tales
572 1746 698 1800 ferre
721 1764 886 1819 queat.

176 1868 185 1881 .
209 1851 244 1884 ·.
315 1837 336 1879 «ι
359 1835 404 1890 5.
423 1828 583 1896 Prope
600 1826 842 1880 Centrum
866 1822 1171 1893 Quadrantis
1188 1821 1414 1895 affigatur

428 1903 669 1956 Cochleis
701 1904 966 1975 Quadrum
987 1901 1197 1957 ferreum
1215 1925 1252 1975 g
1275 1907 1323 1956 ὃς
1348 1905 1412 1957 ei-

428 1981 545 2036 dem
584 1980 790 2037 firmiter
829 1983 1167 2055 agglutinetur
1211 1982 1410 2034 Vittum

429 2059 664 2131 utrinque
707 2079 992 2114 convexum
1018 2100 1030 2123 ,
1079 2061 1215 2126 eujus
1252 2062 1411 2113 Focus

426 2138 790 2192 Semidiametri
818 2140 1121 2202 Quadrantis
1147 2138 1410 2192 intervallo

428 2217 622 2269 circiter
656 2233 737 2270 aut
777 2217 875 2268 alio
911 2235 1217 2289 quocunque
1250 2218 1312 2270 ab
1346 2236 1412 2271 eo

425 2294 606 2357 distat,
650 2313 759 2369 quae
799 2293 979 2350 dicitur
1022 2299 1230 2369 Dioptra
1269 2295 1412 2372 objec-

434 2389 569 2428 tiva.

319 2471 481 2531 ⁴16.In
520 2472 658 2523 Foco
700 2469 843 2536 hujus
886 2467 1053 2525 Lentis
1096 2468 1142 2523 A
1192 2467 1417 2543 affigatur

433 2549 698 2622 Qadrum
746 2548 957 2602 ferreum
1011 2548 1145 2602 aliud
1173 2586 1186 2607 ,
1228 2550 1274 2602 in
1314 2568 1419 2622 quo

436 2646 545 2681 cera
572 2626 831 2680 firmentur
848 2624 954 2679 duo
973 2626 1054 2680 fila
1080 2625 1222 2680 serica
1241 2624 1286 2680 se
1312 2642 1422 2682 mu-

436 2722 526 2760 tuo
552 2705 616 2759 ad
638 2705 847 2777 angulos
891 2708 1048 2758 reetos
1079 2705 1289 2759 secantia
1315 2745 1330 2768 ,
1356 2707 1425 2759 ita

439 2800 492 2836 ut
519 2801 671 2837 unum
699 2802 872 2838 eorum
897 2783 952 2837 sit
977 2782 1041 2837 ad
1061 2785 1262 2856 planum
1287 2787 1423 2859 Qa-

442 2860 627 2915 dtantis
651 2862 1085 2933 perpendiculare‚
1107 2862 1318 2916 alterum
1349 2881 1426 2916 ve-

442 2958 502 2991 ro
529 2937 691 2993 eidem
717 2940 1003 3011 parallelum
1028 2962 1040 2994 ε
1083 2957 1193 3014 quae
1218 2942 1427 3015 Dioptra

446 3018 677 3071 Ocularis
703 3017 897 3074 dicitur.

324 3125 420 3181 217.
443 3115 575 3168 Inter
602 3109 809 3186 Qadra
826 3135 861 3186 g
887 3117 936 3167 ὃ(
962 3112 1007 3167 Α
1035 3129 1231 3187 aptetur
1247 3115 1424 3169 Tubus

441 3211 504 3248 ex
550 3190 729 3245 lamina
773 3191 930 3245 ferrea
978 3192 1133 3246 sacius
1160 3232 1176 3258 ,
1228 3192 1427 3250 duabus

440 3270 664 3344 partibus
690 3270 947 3332 constanS,
975 3271 1215 3348 qualem
1202 3291 1251 3326 m
1271 3273 1427 3347 Diop-

439 3351 561 3405 trica
585 3348 662 3421 (§
673 3352 818 3420 337)
845 3339 1202 3423 descripsimus,

701 205 1372 265 'ELEMENTA
1449 205 2309 267 ASTRONOMIAE.

1522 336 1849 410 18.Dioptrae
1889 335 2077 389 oculari
2113 337 2163 390 A
2209 336 2440 408 jungatur
2482 320 2638 392 Lens'
2685 361 2687 367 ·

1633 417 1845 469 ocularis
1878 415 2108 486 utrinque
2139 415 2608 483 convexa,0bje6ti-
2636 421 2686 475 f

1637 513 1708 546 vae
1719 517 1754 566 g
1771 494 2146 565 proportionata
2160 496 2213 556 (S
2242 502 2310 560 36
2325 492 2611 565 §.Dioptr.),

1634 575 1786 626 Tubo
1806 572 1979 624 mobili
2005 568 2208 626 inclusa,
2239 588 2290 624 ut
2310 588 2401 641 pro
2424 569 2613 627 diversa
2682 606 2687 622 .

1638 650 1785 704 Oculi
1805 646 2156 702 Observatoris
2183 648 2532 704 constitutione
2554 651 2616 704 ei·
2682 697 2692 715 ,

1638 728 1751 782 dem
1776 728 2039 781 admoveri
2064 722 2221 798 poffit,
2245 726 2409 796 sicque
2434 727 2617 795 Objec-

1638 823 1742 859 turn
1772 824 1865 859 una
1887 825 1999 859 cum
2015 804 2105 858 filis
2127 803 2292 858 sericis·
2307 802 2526 860 distinste
2546 806 2617 861 vi·
2681 831 2691 883 3

1597 885 1811 938 “deutur
1839 883 2053 955 (§.374.
2076 885 2263 953 Dioptr.
2280 883 2316 948 ).
2680 946 2687 967 b

1529 993 1613 1044 19.
1632 980 1827 1048 Quodsi
1854 980 2064 1034 interdiu
2088 981 2135 1033 in
2162 979 2330 1034 Solem
2364 978 2618 1041 collimare
2679 970 2687 1058 ζ

1643 1060 1886 1120 libuerit,
1938 1060 2062 1112 inter
2108 1060 2313 1112 Lentem
2367 1058 2619 1112 ocularem
2679 1063 2685 1123 ζ

1643 1142 1691 1190 δε
1722 1137 1940 1190 Oculum
1986 1137 2263 1190 collocetur
2303 1137 2500 1190 Vitrum
2539 1154 2620 1189 co-
2678 1126 2687 1187 ;’

1628 1216 1852 1287 lotatum
1893 1216 1970 1268 vel
2016 1215 2218 1287 fuligine
2256 1214 2488 1268 infetstum
2531 1214 2617 1283 (§.
2679 1211 2685 1238 '⁵

1645 1295 2050 1366 467.Dioptr.):
2079 1294 2113 1346 fi
2142 1313 2259 1347 vero
2280 1297 2425 1347 nofftu
2447 1294 2495 1347 in
2510 1292 2620 1347 stel-
2678 1307 2680 1323 ‘

1640 1373 1712 1427 las
1752 1373 1970 1427 Oculum
2016 1370 2230 1445 dirigere
2278 1372 2524 1426 volueris,
2568 1384 2619 1424 ut
2677 1433 2679 1438 1

1641 1469 1740 1505 una
1780 1471 1892 1505 cum
1929 1452 1981 1504 iis
2030 1450 2285 1505 videantur
2329 1449 2409 1504 fila
2440 1447 2616 1513 serica,
2678 1447 2679 1450 ’

1639 1528 1884 1583 orificium
1920 1529 2055 1585 Tubi
2093 1530 2402 1598 objectivum
2426 1542 2619 1601 tegatur

1638 1608 1736 1661 tela
1783 1607 1931 1662 serica
1978 1628 2041 1662 ex
2075 1608 2168 1661 filis
2192 1607 2469 1662 tenuiffimis
2499 1623 2617 1659 con-

1640 1703 1779 1740 texta
1823 1692 1872 1740 &
1900 1687 2001 1741 haee
2040 1688 2246 1742 candela
2273 1688 2460 1742 eminus
2491 1683 2614 1759 pofi-

1640 1781 1691 1818 ta
1725 1765 2039 1821 illuminetur.

1523 1872 1610 1918 20.
1631 1859 1887 1927 Quoniam
1927 1858 2343 1931 perpendiculum
2368 1860 2478 1913 CK
2515 1854 2622 1910 Li-‘·

1637 1960 1777 1992 neam
1793 1940 2004 2004 fiducias,
2035 1939 2166 2001 iuxta
2185 1957 2336 2010 quam
2363 1954 2539 2008 nempe
2561 1934 2615 1990 fit

1638 2017 1941 2076 collimatio,
1970 2013 2047 2069 seu
2099 2034 2209 2087 quae
2246 2035 2307 2070 ex
2337 2016 2503 2068 Geulo
2529 2031 2613 2086 per

1637 2094 2024 2150 decuflationem
2051 2093 2248 2148 filorum
2277 2094 2322 2148 in
2350 2094 2615 2161 Objectum

1637 2174 1865 2236 ducitur,
1904 2171 1988 2227 sub
2025 2174 2205 2227 eodem
2241 2173 2426 2245 angulo
2459 2170 2617 2226 secate

1639 2253 1825 2310 debet
1857 2270 1963 2324 quo
1993 2253 2340 2323 Qadrantem
2366 2248 2518 2311 secat,
2538 2267 2618 2304 ne·

1640 2328 1762 2384 cesse
1790 2331 1858 2384 est
1884 2330 2047 2385 Radio
2083 2329 2384 2405 Qadrantis
2421 2327 2520 2383 AC
2558 2343 2629 2396 ex·

1641 2410 1838 2464 Centto
1878 2411 1928 2463 C
1974 2428 2066 2482 per
2107 2411 2333 2463 ultimum
2377 2404 2621 2461 divisionis

1644 2490 1877 2561 pundmm
1904 2486 1952 2541 A
2002 2487 2153 2543 ducto
2186 2487 2241 2542 fit
2277 2486 2428 2559 parall
2433 2487 2507 2540 ela
2542 2488 2621 2551 (§.

1651 2580 1716 2633 25
1738 2582 1781 2633 ς.
1799 2566 1968 2621 Geom.
1988 2566 2026 2639 ),
2068 2568 2166 2621 hoc
2199 2566 2270 2620 est
2293 2605 2308 2630 ,
2343 2580 2396 2619 ut
2419 2565 2625 2637 primum

1648 2643 1898 2700 divisionis
1924 2648 2181 2702 Punctum
2205 2648 2244 2699 B
2270 2643 2298 2699 εὶ
2325 2645 2480 2697 Linea
2501 2640 2625 2696 fidu·
2692 2705 2695 2718 ,

1651 2724 1735 2778 ciae
1756 2724 1899 2778 distet
1924 2724 2188 2780 intervallo
2224 2731 2340 2787 90⁰.
2383 2725 2460 2777 Ut
2486 2720 2626 2793 igitui-

1649 2802 1747 2856 hoc
1773 2803 2014 2858 Pundtum
2040 2804 2267 2857 obtineas
2296 2842 2310 2866 ,
2348 2801 2556 2855 ducatur
2580 2795 2627 2850 in
2691 2798 2698 2853 j

1654 2880 1947 2953 Qadrante
1973 2884 2103 2939 recsta
2139 2882 2239 2938 AC
2264 2899 2351 2953 per
2385 2872 2625 2934 Centrum

1652 2961 1752 3016 Axi
1790 2959 1924 3014 Tubi
1958 2962 2021 3016 ad
2057 2958 2242 3014 sensum
2280 2958 2513 3023 aestimato
2531 2969 2624 3046 ,1³³⁶
2658 2959 2661 3014 ξ
2692 2970 2693 2974 ’

1653 3037 1819 3092 rallela
1851 3044 1902 3093 ὃς
1935 3060 1997 3094 ex
2037 3038 2219 3094 eodem
2255 3039 2450 3097 Centto
2475 3031 2626 3106 eriga·
2690 3042 2691 3046 ’

1652 3132 1733 3170 tur
1775 3119 2007 3172 normalis
2051 3141 2158 3173 mc.
2242 3119 2368 3172 Mox
2414 3115 2664 3180 elevetur·
2688 3113 2698 3184 ζ

1653 3195 1958 3262 QuadranS,
1998 3196 2164 3252 donec
2220 3179 2634 3268 perpendiculum
2656 3216 2670 3254 ,χ
2695 3186 2698 3197 ’

1655 3276 1754 3328 CK
1783 3271 1908 3330 secet
1949 3274 2213 3331 eundem
2199 3294 2247 3330 m
2281 3297 2327 3330 m
2354 3279 2406 3328 &
2438 3281 2665 3326 notetur
2662 3339 2670 3346 ..
2693 3288 2698 3321 η

1654 3354 1945 3412 PunCtum
1931 3375 1981 3411 in
2010 3355 2230 3428 Objecsto
2264 3355 2434 3428 aliquo
2462 3340 2652 3424 procul
2660 3400 2685 3406 ,Α

2468 3440 2618 3499 remo
