2713 3769
290 197 397 248 104
702 159 2363 245 ELEMENTACATOPTRICAEs

280 315 346 384 in
412 311 705 387 Oculum
781 315 1046 387 radiaret
1104 369 1120 393 ,
1197 316 1310 413 qui
1395 309 1437 386 'a
1500 313 1773 409 Speculo
1831 315 2049 386 reflexi-
2124 315 2190 386 in
2260 340 2414 386 eum
2483 309 2619 388 illa'-

282 417 526 490 buntur
597 424 662 488 *.
793 419 865 489 Id
928 445 1079 490 vero
1140 422 1469 514 expreffius
1540 417 1736 490 docet
1797 418 2169 512 'Catoptrica
2210 471 2224 494 ‚
2313 419 2621 490 Reflexio-

284 550 441 594 nem
507 524 802 594 Luminis
872 523 937 592 in
1011 522 1199 592 omni
1269 520 1757 616 Superficierum
1821 520 2171 615 politarum
2246 547 2476 619 genere
2538 523 2620 593 ad

281 653 551 698 examen
612 653 934 698 revocans.
1046 624 1516 721 Explicabimus
1561 626 1776 722 itaque
1818 648 2113 694 naturam
2145 623 2522 695 Rweflexionis
2554 625 2623 698 in

272 731 558 830 'Speculis
603 754 741 802 tam
780 729 1015 807 Planis‚
1070 756 1274 827 quam
1326 727 1651 800 Convexis
1701 730 1773 797 ὃς
1821 727 2170 800 Concavis.
2280 727 2465 800 Ultra
2506 734 2623 798 Su-

280 835 562 933 perficies
602 858 824 906 tamen
866 833 1237 931 Sphaericas,
1278 832 1673 930 Cylindricas
1718 835 1788 902 ὃς
1820 831 2100 903 Conicas
2154 858 2293 901 non
2333 829 2623 905 multum

280 937 809 1039 progrediemur,
860 939 1011 1035 quia
1052 937 1315 1033 Specula
1361 935 1492 1007 aliis
1543 934 1757 1034 figuris
1812 935 2064 1028 praedita
2104 935 2414 1006 hactenus
2453 961 2623 1029 para-

278 1072 346 1117 re
389 1045 514 1115 fere
562 1042 847 1115 nesciunt
885 1041 1183 1114 Artifices.
1293 1038 1892 1135 Qemadmodum
1945 1063 2099 1110 vero
2135 1039 2353 1111 Prax'in
2401 1037 2620 1111 Theo-

280 1152 383 1222 riae
429 1148 786 1218 constanter
846 1146 1152 1243 conjunxi
1201 1149 1265 1215 in
1307 1141 1660 1237 Disciplinis
1701 1141 2183 1231 anterioribus&
2237 1142 2387 1213 ideo
2447 1168 2618 1240 quo-

278 1280 407 1352 que
458 1250 829 1322 consultum
885 1249 1058 1329 duxi,
1113 1274 1184 1321 ut
1229 1246 1642 1347 singulorum
1668 1246 2092 1340 Speculorum
2132 1245 2441 1317 fabricam
2488 1271 2618 1317 una

275 1381 661 1454 exponerem
718 1355 1050 1452 variosque
1087 1380 1319 1425 eorum
1377 1350 1519 1421 usus
1560 1348 1981 1420 ostenderem.
2090 1356 2146 1421 A
2198 1350 2419 1421 multls
2460 1376 2617 1446 prae-

274 1460 520 1561 judiciis
561 1458 859 1531 animum
895 1458 1116 1530 liberat
1149 1453 1554 1551 Catoptrica‚
1594 1453 2055 1547 Experimentis
2106 1454 2185 1524 ad
2221 1479 2621 1548 promoven-

274 1568 430 1638 dam
480 1564 817 1635 Scientiam
865 1561 1224 1635 naturalem
1266 1554 1781 1631 conducentibus
1833 1559 2051 1627 ansam
2104 1556 2379 1652 praebet‚
2422 1558 2619 1629 maxi-

275 1698 414 1743 mas
452 1669 533 1740 ad
584 1670 785 1741 vitam
832 1666 1270 1765 >jucunditates
1324 1661 1525 1735 affert.
1636 1660 1849 1760 Magis
1902 1660 2261 1732 >delectabit
2312 1660 2444 1732 hoc
2495 1664 2624 1734 stu-

274 1777 461 1848 dium
518 1774 562 1844 fi
615 1774 831 1843 omnis
887 1771 1129 1872 generis
1175 1766 1444 1865 Specula
1481 1764 1717 1836 fuerint
1769 1765 1851 1835 ad
1891 1791 2174 1840 manus,
2233 1788 2304 1836 ut
2350 1791 2494 1863 quae
2541 1766 2624 1839 de

275 1906 506 1952 eorum
549 1872 887 1949 effectibus
941 1876 1497 1948 demonstrantur,
1558 1868 2016 1964 Experimentis
2073 1869 2440 1940 confirmari
2473 1869 2626 1966 pos-

272 1985 409 2056 fint.
519 1988 676 2054 Haec
710 2009 870 2055 vero
906 1979 1349 2077 Experimenta
1394 1975 1619 2046 animo
1659 1971 2059 2042 infinuabant
2110 1974 2428 2045 rationem
2468 1969 2626 2045 con-

272 2087 453 2161 nubii
505 2087 666 2157 inter
719 2085 1068 2158 Rationem
1115 2107 1309 2182 atque
1346 2076 1814 2175 Experientiam
1880 2071 1995 2146 rite
2044 2075 2413 2149 instit-uendi
2455 2109 2467 2146 ε
2556 2079 2574 2147 i

277 2191 466 2293 quod
501 2190 768 2261 maximi
813 2191 956 2260 usus
1005 2191 1091 2261 est
1138 2190 1204 2258 in
1255 2185 1442 2259 omni
1491 2180 1911 2254 Scientiarum
1953 2205 2184 2280 genere
2230 2187 2301 2252 &
2365 2180 2444 2251 ad
2481 2206 2624 2252 'cer-
2712 2203 2713 2210 ¹

272 2297 619 2370 titudinem
686 2295 1108 2368 Scientiarum
1162 2293 1671 2389 firmitatemque
1715 2285 1989 2361 assensus
2048 2284 2412 2385 plurimum
2465 2310 2622 2357 con-

270 2401 463 2476 ducit.

2137 2993 2610 3064 ELEMEN-
2708 2935 2709 2938 ¹

486 3428 524 3467 θ’
557 3427 717 3497 Optic.
748 3431 928 3495 §.347-
