2698 3769
319 188 435 244 488
702 177 1250 240 ELEMENTA
1328 178 2035 242 ASTRONOMIAE.
2130 182 2262 241 Pars
2304 180 2385 241 ῙῙ.

144 327 260 377 Tab,
323 309 455 364 inter
496 310 664 366 locum
705 329 874 365 verum
921 315 973 365 &
1026 307 1286 373 medium,
1348 305 1430 366 seu

158 401 260 446 VH.
327 391 567 462 AEquatio
626 389 778 444 centri
813 429 828 453 ,
888 393 937 442 δε
995 390 1098 443 CB
1151 386 1431 442 differentia

112 475 293 536 signo·
326 468 454 523 inter
482 471 650 522 locum
678 486 846 521 verum
878 467 1058 534 &ejus
1083 465 1429 521 Ascenlionem

295 543 537 602 'redtann
570 548 673 601 CD
702 565 823 599 vero
859 542 1109 616 utriusque
1142 543 1430 599 differentiae

1654 309 1706 366 so
1753 325 2015 366 momento
2064 310 2439 367 observationis
2485 310 2646 374 fad’tat'

1651 390 1793 462 quod
1821 389 2027 460 quidem
2052 389 2277 445 rariffime
2301 393 2571 464 continget.
2690 453 2691 459 ¹

1549 483 1602 533 4.
1630 470 1682 525 Si
1729 487 1853 522 vero
1885 466 2162 522 differentia
2195 468 2276 522 illa
2314 468 2459 524 suerit
2493 472 2647 536 Semi·
2690 467 2693 530 ἒ

1653 547 1841 601 circulo
1876 547 2072 610 minor,
2106 546 2401 602 Observatio
2429 549 2646 617 iteretur,
2691 562 2694 603 ε

323 623 605 681 differentia
635 663 649 681 ,
692 641 931 697 tanquam
981 621 1255 677 differentia
1306 624 1430 678 inter

322 703 673 762 Ascenfionem
704 707 885 758 rectam
918 703 1014 756 loci
1057 701 1157 756 veri
1192 702 1242 756 C
1270 707 1320 757 &
1356 703 1431 755 lo-

326 803 440 838 cum
488 784 704 837 medium
755 787 808 837 D
858 783 905 835 in
954 797 1149 852 tempus
1194 776 1429 835 conversa

324 861 416 916 >dat
471 862 826 934 AEquationem
875 861 1113 931 temporis
1161 858 1427 930 (§.715).

327 939 524 1010 Qodfi
562 943 609 991 in
649 943 688 993 E
722 938 868 992 fuerit
908 939 1046 991 locus
1085 956 1258 1000 veruS,
1296 940 1344 991 in
1383 938 1429 992 A

329 1018 551 1081 medius,
599 1018 888 1089 AEquationi
939 1014 1242 1088 respondens
1291 1035 1432 1071 arcus

327 1101 416 1153 Gss
469 1098 538 1150 est
587 1094 773 1149 summa
829 1096 1070 1148 distarum
1130 1093 1429 1149 differentia·

326 1196 437 1232 rum
469 1179 571 1230 GD
596 1179 645 1228 ἃ
672 1177 786 1229 Dss.
842 1178 983 1229 Patet
1019 1173 1153 1228 adeo
1194 1174 1436 1228 Tabulam

327 1251 651 1328 AEqnationis
686 1259 910 1327 temporis
948 1270 1094 1307 unam
1128 1253 1379 1315 construi,
1405 1252 1437 1305 fi

326 1334 524 1408 fingulis
556 1331 794 1404 gradibus
828 1331 1104 1385 Anomaliae
1133 1331 1310 1385 mediae
1333 1332 1439 1399 jun-

328 1431 475 1488 gatur
522 1412 757 1484 AEquatio
809 1411 959 1463 centri
1002 1412 1048 1464 in
1096 1426 1289 1482 tempus
1333 1429 1438 1464 me-

327 1494 468 1547 dium
509 1487 769 1545 conversa:
820 1492 1023 1542 alteram
1070 1507 1232 1546 vero,
1275 1487 1307 1541 fi
1354 1489 1440 1543 fin-

328 1573 462 1646 gulis
499 1571 735 1643 gradibus
764 1568 1112 1641 Longitudinis
1147 1568 1325 1623 mediae
1357 1568 1438 1622 ad-

331 1652 578 1707 scribatur
603 1647 876 1702 differentia
913 1648 1036 1701 inter
1071 1647 1235 1702 locum
1266 1666 1440 1701 verum

333 1731 464 1786 Solis
518 1734 569 1784 «Sc
614 1726 719 1795 ejus
768 1725 1115 1781 Ascenfionem
1161 1726 1340 1780 reetam
1393 1726 1440 1779 in

332 1825 531 1880 tempus
560 1803 822 1869 conversa,
862 1806 1044 1859 notatis
1091 1820 1286 1867 tamen,
1330 1823 1440 1876 quae

331 1887 398 1943 de
445 1887 659 1940 termino
687 1922 702 1940 ,
740 1884 875 1938 unde
897 1885 1211 1958 AEquationis
1246 1884 1439 1939 initium

332 1967 566 2028 ffumitur‚
600 1965 729 2019 diota
761 1961 883 2019 sunt.

531 2069 951 2120 PROBLEMA
1036 2062 1249 2118 XXVI.

416 2159 550 2213 727.
597 2145 867 2211 Obfi’rvare
895 2145 1239 2216 Oppasttionem
1261 2142 1437 2196 Plane-

333 2244 498 2284 tarum
526 2223 828 2296 sttperiorum
864 2242 970 2276 cum
1006 2220 1131 2275 Sole.

608 2323 647 2375 R
677 2335 703 2371 E
733 2335 754 2370 s
784 2334 821 2370 o
853 2336 885 2373 L
915 2334 949 2370 U
982 2334 1014 2369 T
1055 2333 1072 2373 1
1111 2334 1167 2372 ο.

336 2422 385 2464 1.
415 2399 642 2479 Qando
676 2399 877 2474 suspicio
905 2403 971 2455 est
995 2442 1008 2464 ,
1045 2402 1302 2454 planetam
1331 2398 1438 2453 Soli

432 2501 554 2539 mox
597 2481 883 2554 oppofitum
933 2483 1018 2542 iri,
1063 2495 1311 2552 quaeratur
1350 2496 1439 2550 per

432 2558 850 2616 Observationem
892 2557 1127 2614 Ascensio
1174 2559 1303 2609 rec‘sta
1334 2561 1439 2611 Pla-

434 2657 590 2701 netae‚
627 2638 846 2712 utsupra
889 2639 1061 2693 Probi.
1106 2654 1140 2700 4
1180 2635 1251 2705 (§.
1288 2635 1438 2706 559),

430 2721 512 2773 vel
539 2738 599 2771 ex
630 2717 893 2772 observata
916 2718 1142 2772 distantia
1175 2714 1203 2766 εὶ
1243 2714 1439 2769 duabus

425 2798 588 2853 Stellis
611 2796 716 2851 fixis
735 2813 863 2851 notae
879 2795 1184 2851 Ascenfionis
1203 2792 1437 2863 (§.227).

333 2892 388 2938 2.
417 2879 498 2932 Ad
539 2893 854 2930 momentum
911 2873 1287 2930 observationis
1335 2873 1439 2944 sup-

432 2970 635 3030 putetur
673 2957 812 3008 locus
846 2955 976 3009 Solis
1006 2973 1152 3009 verus
1178 2951 1252 3021 (§·
1279 2951 1438 3019 720),

433 3050 784 3107 quaeraturque
843 3034 947 3100 ejus
1012 3029 1243 3089 Ascenfio
1308 3032 1441 3086 redita

462 3114 703 3180 §.204)

334 3208 388 3262 3.
416 3114 611 3267 Qo‘ffi
631 3189 910 3244 differentia
936 3190 1061 3244 inter
1087 3187 1443 3245 Ascenfionem

434 3273 618 3326 restam
639 3271 766 3325 Solis
797 3274 847 3324 &
875 3266 1226 3324 Ascenfionem
1257 3271 1440 3323 rodiam

434 3352 652 3406 Planetae
689 3348 839 3405 fuerit
879 3359 1033 3414 180⁰,
1065 3347 1333 3423 Opposstio
1367 3349 1441 3424 ip-

1649 626 1814 680 donec
1858 622 2044 678 eodem
2084 626 2244 693 major
2290 627 2489 680 evadat.

1558 719 1605 774 5.
1632 706 1766 760 Cum
1788 722 1850 758 ex
1872 704 2045 757 harum
2061 700 2483 759 Observationum
2507 706 2649 762 colla.

1653 785 1792 837 tione
1827 779 2100 836 innotescat
2128 784 2495 837 incrementum
2527 783 2650 841 diur-

1655 881 1773 916 num
1818 859 2127 914 Ascenfionis
2166 864 2307 915 retstae
2351 862 2480 915 Solis
2515 861 2652 936 supra

1657 937 2009 995 Ascenfionem
2051 941 2230 993 restam
2272 942 2484 994 Planetae
2511 946 2560 995 &
2594 961 2653 997 ex

1666 1016 2032 1073 Observatione
2074 1018 2248 1071 ultima
2295 1021 2484 1072 constet
2522 1019 2655 1075 diffe.

1658 1098 1813 1152 rentia
1839 1097 1965 1150 inter
1983 1093 2333 1151 Ascenfionem
2362 1101 2543 1152 redtam
2569 1104 2657 1154 So-

1659 1178 1715 1232 lis
1745 1181 1795 1232 &
1837 1173 2186 1230 Ascenfionem
2232 1178 2412 1229 reoiam
2453 1178 2657 1233 Planetae

1660 1255 1725 1310 ad
1752 1272 2062 1308 momentum
2080 1251 2458 1309 Observationis
2476 1297 2487 1317 ,
2515 1256 2549 1309 fi
2574 1275 2657 1329 per

1615 1340 1619 1341 ’
1661 1334 1908 1407 Regulam
1935 1335 2080 1388 trium
2100 1349 2346 1406 quaeratur
2377 1350 2571 1406 tempus
2593 1334 2657 1390 ad

1667 1427 1740 1475 24
1797 1413 1943 1465 horas
2000 1431 2110 1466 eam
2168 1413 2407 1466 rationem
2473 1413 2658 1469 habens

1661 1510 1813 1565 quam
1849 1488 2127 1546 differentia
2160 1491 2388 1564 praedicta
2415 1493 2477 1545 ad
2511 1493 2657 1547 incre-

1662 1587 1884 1625 mentum
1923 1569 2244 1642 praedicstum,
2289 1574 2340 1624 ὅς
2382 1568 2411 1623 a
2446 1590 2660 1627 momen·

1661 1667 1718 1704 to
1752 1645 2126 1704 Observationis
2162 1648 2505 1712 subtrahatur,
2548 1668 2656 1722 pro-

1659 1729 1791 1785 dibit
1818 1744 2131 1783 momentum
2157 1728 2492 1803 Oppofitionis
2518 1748 2658 1787 verae.

1806 1858 2419 1916 CoRoLLARlum

1625 1976 1740 2034 728.
1786 1970 2027 2030 Quoniam
2065 1969 2100 2026 2
2140 1977 2183 2020 ε(
2226 1975 2258 2027 Ξ
2300 1972 2504 2024 interdiu
2532 1977 2678 2039 juxta·

1559 2047 1710 2092 Solem
1741 2060 1823 2108 per
1852 2046 2011 2091 Tubos
2040 2045 2187 2094 videri
2221 2045 2429 2108 poffunt,
2459 2063 2552 2096 non
2579 2047 2658 2095 ab-

1559 2112 1693 2160 fimili
1743 2110 1893 2158 modo
1937 2128 2103 2160 eorum
2147 2113 2513 2172 Coniunftiones
2554 2130 2657 2163 cum

1558 2183 1665 2228 Sole
1699 2178 1845 2226 hodie
1876 2177 2108 2229 observari
2139 2180 2343 2245 poffunt.

1708 2301 2174 2353 PROBLEMA
2257 2301 2509 2356 XXVII.

1639 2416 1772 2472 729.
1802 2401 2142 2457 Determinare
2166 2410 2388 2477 temporis
2411 2406 2656 2459 interval-

1560 2486 1661 2536 lum
1678 2522 1693 2545 ,
1722 2503 1813 2556 quo
1846 2482 2058 2534 Planetae
2089 2481 2349 2554 sitpert'ares
2376 2482 2656 2545 Revolutioe

1559 2582 1668 2615 nem
1703 2582 1851 2615 unam
1882 2566 2013 2615 circa
2047 2559 2202 2614 Solem
2235 2561 2510 2633 absolvunt.

1831 2691 2380 2744 RsssoLu‘rxo.

1570 2793 1936 2853 1.Affumantur
1963 2797 2028 2850 ab
2046 2796 2187 2849 initio
2211 2795 2321 2849 duae
2342 2790 2658 2850 observatio:

1660 2892 1749 2929 nes
1782 2873 2167 2946 Oppositionum
2193 2890 2294 2928 non
2321 2874 2529 2928 multum
2555 2871 2582 2926 a
2615 2867 2659 2925 se

1663 2953 1877 3007 invicem
1914 2953 2173 3017 distanteS,
2216 2972 2279 3006 ne
2311 2970 2543 3007 numerus
2569 2953 2658 3005 Re-

1664 3031 1982 3086 volutionum
2015 3034 2226 3087 incertus
2252 3031 2467 3086 evadat:
2496 3028 2658 3101 cogni-

1661 3126 1718 3163 to
1767 3112 1897 3164 enim
1943 3112 2063 3166 loco
2106 3112 2236 3166 Solis
2273 3111 2337 3164 ad
2379 3107 2658 3182 Oppofitio-

1665 3208 1785 3244 num
1841 3208 2098 3246 momenta
2125 3228 2139 3247 ‚
2190 3190 2404 3245 habetur
2457 3200 2656 3260 quoque

1662 3268 1805 3333 locus
1839 3268 2053 3325 Planetae
2087 3266 2155 3324 ad
2185 3269 2359 3323 eadem
2392 3263 2655 3320 momentai

1568 3361 1618 3408 2.
1646 3350 1960 3424 Supputetur
1989 3348 2305 3408 intervallum
2338 3345 2571 3420 temporis
2593 3339 2658 3395 ab

2568 3433 2658 3475 una
