2713 3769
297 195 410 253 174
717 172 1378 240 ELEMENT'A
1480 176 2210 237 DIOPTRICAE.

79 333 254 384 Tab.1.
292 313 366 367 lus
396 312 552 369 MBC
573 352 588 378 ,
629 330 783 386 quem
811 312 925 366 facit
954 311 1142 366 Radius
1167 308 1405 365 refrad‘tus
1745 311 1799 365 D
1819 325 1845 362 E
1876 325 1901 362 F
1931 324 1949 363 1
1973 324 2011 365 N
2040 322 2058 363 1
2083 326 2117 362 T
2145 327 2162 363 1
2186 327 2221 364 o
2283 306 2443 364 XIX.

83 406 181 466 Eg.
219 421 255 452 1.
291 394 395 449 BC
432 412 544 447 cuin
586 391 837 447 incidente
873 395 981 445 ΜΒ
1021 392 1149 446 ultra
1188 389 1405 463 Superfi-
1615 413 1704 459 20.
1733 400 1996 472 Memfim
2020 400 2089 454 est
2107 400 2331 458 Vinum,
2360 401 2500 469 cujus
2524 400 2643 459 alt&

291 471 418 529 ciem
446 470 794 544 refringentem
823 474 1093 545 protraisto,

466 575 971 628 DEFINITIO
1054 568 1222 621 XIII.

377 671 464 719 14.
517 656 743 727 Angulus
778 654 1020 722 refracst'us
1065 653 1134 705 est
1168 648 1404 724 Angulus

292 735 429 790 CBE
452 774 465 798 ,
502 751 651 805 quem
688 731 803 785 facit
841 732 1023 784 Radius
1048 730 1281 786 refractus
1311 730 1403 785 BC

291 833 406 870 curn
437 815 553 868 Axe
589 809 892 866 refraffionis
925 814 1023 866 BE.

478 923 758 978 DEFIN
795 939 975 978 ITIO
1018 921 1194 976 XIV.

374 1016 460 1070 Ῑς.
505 998 645 1055 Lens
688 999 765 1055 seu
803 1002 1057 1076 Specillum
1087 998 1270 1055 dicitur
1315 997 1404 1057 Vi-

287 1095 418 1137 trum
454 1080 623 1135 formae
648 1080 988 1136 LenticulariS.

510 1178 1001 1231 DEFINITIO
1052 1176 1181 1229 XV.

372 1265 458 1314 16.
497 1255 685 1308 Vttrum
722 1254 1169 1310 Plano-convexum
1196 1249 1288 1314 est,
1312 1266 1399 1305 cu-

284 1336 362 1404 jus
395 1331 689 1409 Superficies
722 1333 874 1388 altera
910 1334 1162 1388 Convexa
1188 1370 1203 1396 ‚
1245 1329 1402 1384 altera

286 1415 458 1469 Plana.
531 1414 888 1468 communiter
924 1412 1215 1486 intelligitur
1257 1410 1402 1465 Con·
1451 1446 1454 1477 ;·

285 1494 483 1548 vexitas
513 1492 793 1566 Sphaetica,
832 1491 917 1547 nisi
950 1489 1172 1567 expresse
1202 1504 1402 1544 contra-

283 1573 412 1628 rium
450 1587 736 1628 moneatur.

457 1670 967 1726 DEFINITIO
1033 1665 1214 1723 XVI.

366 1765 453 1820 17.
494 1750 690 1806 Vitrum
714 1750 936 1806 Convexo
954 1788 969 1795 -
984 1767 1254 1805 convexum
1278 1743 1355 1799 est
1380 1781 1396 1807 ,

279 1830 417 1898 cujus
444 1846 658 1902 utraque
677 1828 975 1903 superficies
996 1832 1267 1886 Convexa.
1305 1823 1397 1879 Di-

222 1982 226 1983 7
278 1911 405 1964 citur
435 1909 582 1963 etiam
607 1917 838 1985 utrinque
863 1907 1166 1964 Convexum.
1210 1903 1399 1976 Estque

275 1991 365 2043 vel
395 1994 641 2062 aequaliter
665 1990 981 2052 vamuw,
1009 1987 1042 2042 fi
1068 1983 1251 2042 eadem
1274 1981 1398 2038 Dia-

278 2082 436 2122 meter
474 2065 725 2142 utriusque
753 2067 1135 2125 Convexitati85
1168 2062 1251 2118 vel
1284 2067 1394 2118 inae-

277 2153 495 2221 qualiter
535 2170 808 2203 convexum
838 2187 855 2214 ‚
905 2147 939 2202 fi
990 2143 1396 2204 Convexitatum

278 2226 524 2284 Diametri
556 2225 775 2283 diversae.

456 2327 960 2382 DEFINITIO
1042 2323 1240 2384 XVII.

368 2420 454 2470 18.
478 2407 674 2468 Vitrum
698 2414 857 2468 Plano
872 2432 1174 2467 -concavum
1197 2407 1286 2472 est,
1314 2424 1397 2463 cu-

278 2490 354 2560 jus
393 2491 541 2546 altera
586 2490 882 2564 Superficies
923 2492 1205 2552 Concava,
1237 2486 1395 2542 altera

279 2570 448 2624 Plana.
490 2571 848 2627 communiter
873 2570 1166 2644 intelligitur
1186 2568 1394 2625 Conca-

280 2650 406 2702 vitas
432 2650 706 2722 Sp'naerica,
741 2649 830 2708 nisi
870 2647 1050 2707 diserte
1088 2646 1394 2706 contrarium

280 2744 566 2785 moneatur„

440 2812 930 2865 DEFINITIO
999 2807 1233 2864 XVIII.

370 2900 457 2951 19.
493 2889 687 2943 Vitrum
723 2887 1261 2943 Concava-concavum
1294 2887 1394 2951 est,

280 2968 422 3037 cujus
449 2984 661 3041 utraque
679 2966 973 3041 Superficies
996 2968 1260 3022 Concava.
1307 2967 1397 3024 Di.

281 3048 411 3104 citur
438 3048 586 3102 etiam
614 3055 846 3120 utrinque
862 3046 1159 3100 Concavum.
1209 3046 1395 3120 Estque

282 3128 363 3182 vel
389 3131 635 3202 aqualiter
660 3126 939 3182 Concavum
959 3165 974 3190 ,
991 3124 1023 3179 si
1043 3127 1396 3181 Concavitatis

283 3208 464 3262 eadem
489 3210 781 3269 Diameter‚
817 3205 901 3260 vel
937 3210 1239 3278 inaequaliter
1273 3205 1396 3261 Con-

285 3308 468 3342 cavum
489 3326 503 3344 ,
539 3287 572 3342 fi
592 3286 990 3345 concavitatum
1016 3285 1266 3344 Diametri
1289 3281 1399 3343 sunt

286 3364 507 3423 diversae,

1532 497 1583 535 ra
1614 479 1909 553 Superficies
1937 482 2224 543 Convexa‚
2259 479 2413 534 altera
2442 480 2646 536 Conca-

1532 578 1612 614 va.
1657 564 1890 616 Vocatur
1930 558 2084 613 etiam
2121 556 2374 614 interdum
2416 557 2640 616 Lunata.

1772 669 2242 724 DEFiNITIO.
2300 667 2418 720 XX.

1613 766 1704 813 21.
1743 755 1883 811 Axis
1908 752 2091 823 Lengis
2117 754 2186 808 est
2219 755 2351 808 reeta
2367 792 2385 818 ,
2411 748 2646 810 transiens

1527 851 1616 907 per
1655 834 1826 890 Axem
1861 834 1965 902 ejus
1991 832 2153 889 Solidi
2176 870 2193 900 ‚
2230 832 2370 903 cujus
2406 834 2663 906 segmen--

1526 928 1634 967 tum
1666 914 1799 968 Lens
1825 912 2002 967 existit.

1594 992 1649 1038 E.
1667 1008 1743 1055 gr.
1761 994 1879 1040 Lens
1909 989 2134 1055 Sphaerica
2166 992 2561 1039 Plano-convexa
2581 988 2644 1038 est

1524 1057 1820 1121 segmentum
1854 1058 2052 1119 alicuius
2088 1057 2317 1120 Sphaerae:
2353 1060 2456 1118 ejus‘
2480 1057 2644 1119 itaque

1522 1127 1636 1174 Axis
1669 1124 1796 1174 idem
1824 1125 1887 1174 est
1908 1141 2013 1174 cum
2044 1128 2143 1173 Axe
2172 1123 2358 1188 Sphaerae
2378 1157 2394 1181 ‚
2423 1122 2499 1174 seu
2520 1125 2644 1174 tedia

1523 1208 1608 1257 per
1633 1192 1758 1242 hunc
1785 1193 2025 1243 transiens,

1715 1281 2462 1338 DEFINITIO-XXI.
2566 1279 2605 1336 ,2
2674 1246 2713 1334 Ᾰ,

1607 1383 1697 1431 22.
1734 1371 1984 1426 Ρκκὲἵκηι
2002 1372 2250 1444 concmfits
2282 1371 2352 1425 est
2379 1370 2641 1435 Funerum,

1524 1448 1573 1506 in
1599 1469 1706 1526 quo
1731 1449 1875 1505 Radii
1907 1449 2103 1505 refradti
2128 1465 2465 1515 concurrunt,
2498 1448 2532 1504 fi
2557 1465 2644 1524 pet

1524 1530 1872 1587 refradfionem
1898 1528 2025 1586 fiunt
2045 1530 2432 1604 convergenteS.
2475 1531 2643 1587 Voca-

1524 1624 1605 1667 tur
1639 1611 1791 1668 etiam
1831 1606 2005 1666 Facus.

1686 1702 2198 1756 DEFINITIO
2281 1701 2471 1756 XXII.

1603 1790 1695 1847 23.
1739 1777 1990 1834 Funerum
2009 1778 2247 1852 dispersus
2270 1780 2340 1836 est
2364 1779 2638 1843 Puncstutm

1521 1877 1585 1913 ex
1620 1877 1727 1932 quo
1752 1857 1899 1913 Radii
1927 1855 2123 1913 refracsti
2146 1857 2447 1933 divergunt‚
2477 1857 2509 1912 fi
2533 1859 2643 1932 post

1522 1937 1869 1993 refraetionern
1896 1935 2219 2010 divergentes
2245 1938 2486 1996 evadunt.
2525 1941 2638 1997 Vo-

1520 2034 1661 2073 catur
1689 2018 1839 2073 etiatn
1863 2013 2019 2073 Focus
2041 2021 2308 2074 virtualis.

1777 2108 2257 2162 PROBLEMA
2347 2108 2392 2163 1.

1601 2194 1802 2259 24.1n
1823 2191 2011 2269 Legem
2037 2190 2380 2270 Refraelionis
2407 2211 2496 2271 per
2521 2195 2636 2253 Ex-

1510 2282 1788 2352 perimenta
1820 2281 2090 2350 inquirere.

1838 2378 2320 2436 Βεεοιυτῐα

1596 2467 1649 2526 Si
1686 2464 1993 2524 desideretur
2030 2465 2285 2522 Refradtio
2325 2482 2391 2521 ex
2417 2463 2558 2522 Aere
2581 2465 2632 2522 in
2667 2534 2670 2537 ⁴

1517 2549 1718 2607 Vitrum
1735 2587 1751 2612 ‚
1773 2565 1874 2620 qua
1902 2544 2207 2620 potiflirnum
2232 2563 2359 2620 opus
2384 2544 2632 2602 habemus

1517 2629 1566 2685 in
1603 2626 1872 2700 Dioptrica
1891 2665 1910 2692 ,

1526 2742 1571 2786 Ι.
1597 2729 1800 2782 Paretur
1819 2724 2003 2782 Cubus
2038 2725 2240 2783 Vitreus
2266 2722 2692 2820 CBEDGFHIT

1640 2807 1814 2861 exaiste
1853 2804 2057 2878 politus,

1519 2897 1574 2946 2.
1601 2887 1887 2970 Jungantur
1910 2885 1977 2940 ad
2007 2885 2217 2959 angulos
2251 2885 2411 2939 red-’tos
2437 2882 2543 2939 duo
2563 2880 2685 2940 as-

1637 2959 1812 3020 serculi
1850 2962 2078 3020 dedolati
2115 2966 2289 3021 NlPO
2335 2966 2386 3018 &
2422 2963 2635 3030 NABI,

2655 2769 2713 2947 {il

1638 3043 1707 3099 ita
1742 3059 1796 3099 ut
1823 3043 2036 3099 latitudo
2062 3043 2343 3099 communis
2369 3043 2465 3100 IN
2491 3060 2633 3099 exce·
2676 3051 2681 3067 ⁴

1639 3122 1729 3180 dat
1755 3124 1881 3179 latus
1894 3123 2034 3180 Cubi
2060 3127 2156 3188 IH,
2182 3124 2344 3178 multo
2369 3123 2526 3198 magis
2551 3140 2632 3177 au·
2679 3127 2683 3130 '

1631 3220 1734 3260 tem
1747 3201 1880 3259 idem
1901 3200 2094 3278 superet
2107 3201 2376 3278 longitudo
2391 3202 2635 3258 inferioris

1641 3285 1751 3339 ΝΟ
1780 3306 1790 3338 :
1826 3282 2046 3340 altitudo
2073 3302 2197 3339 vero
2221 3282 2430 3341 minoris
2455 3284 2560 3339 CH
2584 3279 2639 3336 fit

1639 3363 1781 3422 lateri
1809 3364 1951 3423 Cubi
1982 3365 2202 3440 aequalis.

2468 3458 2518 3510 3.
2536 3439 2644 3497 Ob,
