2678 3764
801 169 1771 245 PRAEFATIO.
2343 193 2478 259 νη

166 359 239 405 ex
303 326 527 400 eadem
580 321 1026 421 propullulare⁰
1134 322 1454 420 Equidem
1498 325 1947 424 Geographia‚
2026 326 2475 433 Chronologia

165 439 236 506 δε
288 428 703 504 Gnomonica
754 426 921 497 adeo
967 424 1161 495 firmo
1228 451 1394 497 nexu
1450 452 1604 498 cum
1650 429 2064 501 Astronomia
2112 433 2472 516 cobserent,

166 544 237 608 ut
272 561 408 605 non
466 531 807 607 defuerint,
855 528 968 626 qui
1018 527 1275 599 istarum
1302 527 1787 625 Disciplinarum
1827 534 2158 626 palmarias
2196 539 2473 632 proposi„

164 636 368 718 tiones
406 634 512 732 ipsi
559 631 984 705 Astronomiae
1021 630 1428 703 inseruerint:
1477 659 1615 703 non
1661 657 1879 705 tamen
1916 635 2049 706 fieri
2089 639 2342 733 potuit,
2401 664 2472 714 ut

161 740 271 812 has
312 739 461 834 ipsas
489 734 855 830 Disciplinas
904 748 1058 805 cum
1098 735 1508 806 Astronomia
1547 735 1759 808 eidem
1786 742 2016 810 Tomo
2042 740 2468 818 insereremus,

159 857 493 939 propterea?
529 837 713 936 qu'od
751 844 1006 909 Tomus
1044 837 1295 908 Tertius
1343 839 1475 933 jam
1524 839 1589 910 in
1637 840 1889 912 molem
1943 846 2261 944 majorem
2315 869 2471 917 cete-

160 944 238 1016 ris
281 942 588 1016 excrevit‚
631 951 861 1012 Tomo
907 964 1126 1012 autem
1177 947 1435 1032 Qarto
1491 955 1630 1013 non
1677 942 2001 1017 suffecisset
2028 948 2468 1021 Architeecura

162 1045 379 1118 Civilis
419 1051 489 1118 &
537 1041 831 1115 Militaris
883 1067 1039 1114 cum
1089 1042 1525 1141 Pyrotechniz'l.
1640 1048 1748 1117 Ast
1802 1049 1996 1119 molis
2071 1050 2174 1123 hic
2226 1051 2469 1124 haben-

159 1148 312 1220 dam
365 1150 477 1233 esse
530 1144 854 1218 rationem
903 1146 1079 1217 haud
1142 1145 1324 1218 facile
1388 1148 1728 1247 quisquam
1779 1150 2173 1224 inficiabitur.
2285 1162 2467 1227 Cum

154 1250 422 1323 Mathefi
475 1249 735 1323 edendae
788 1245 969 1321 unice
1025 1256 1244 1322 vacare
1298 1250 1470 1322 haud
1524 1280 1854 1351 quaquam
1893 1255 2115 1332 liceat,
2178 1258 2278 1328 {ed
2319 1259 2468 1331 dan-

155 1356 235 1425 da
272 1374 537 1453 quoque
577 1379 767 1448 opera
805 1354 905 1428 sit,
958 1371 1038 1423 n'e
1064 1360 1362 1449 Operum
1387 1354 1985 1451 Philosophicorum
2018 1361 2231 1432 Editio
2276 1362 2464 1433 nimis

152 1456 516 1536 differatur,
569 1456 718 1527 ideo
750 1466 1004 1528 Tomus
1070 1455 1174 1527 hic
1222 1459 1472 1530 Tertius
1529 1456 1763 1531 tardius
1790 1464 2005 1557 prodit
2031 1517 2046 1541 ‚
2086 1491 2287 1563 quam
2312 1464 2462 1537 alius

148 1560 512 1657 proditurus
564 1561 785 1631 fuerat.
845 1634 853 1639 ,
902 1565 970 1630 In
1024 1559 1087 1629 id
1140 1564 1358 1633 tamen
1411 1562 1908 1642 incumbemus,
1948 1587 2271 1665 quantum
2318 1569 2461 1668 qui-

151 1663 303 1734 ‘dem
350 1690 458 1759 per
503 1681 625 1735 nos
672 1661 854 1733 stabit
884 1715 900 1739 ‚
944 1671 1016 1733 ut
1057 1661 1343 1757 Qartus
1385 1665 1628 1738 horum
1669 1667 2162 1742 Elementorum
2202 1678 2460 1743 Tomus

151 1766 383 1838 minori
434 1766 735 1862 temporis
788 1765 1121 1839 intervallo
1173 1768 1467 1842 Tertium
1530 1770 1839 1866 excipiat,
1895 1801 2096 1872 quam
2136 1775 2184 1844 is
2232 1781 2463 1848 Secun-

150 1870 310 1942 dum
384 1870 645 1942 secutus·
751 1866 1013 1943 Dabam
1065 1877 1558 1950 Mmssumx
1629 1881 2181 1958 Cri-tronum>
2233 1879 2334 1952 die
2385 1904 2457 1978 13

148 1971 370 2070 Aprilis
412 1996 585 2075 1735,

2155 3344 2444 3427 CATA0
