2678 3764
806 185 1788 263 PRAEFATIO.
2423 216 2464 258 v

166 356 330 431 hisce
381 346 653 421 subsidiis
695 345 1032 415 instructus
1081 344 1297 433 Opera
1341 364 1743 436 quaecunque
1781 337 2017 432 Optica
2063 339 2133 408 δὲ
2171 341 2466 409 ΑΡεῑοηο.Ί

169 460 332 532 mica
380 454 528 525 citra
582 449 779 520 ullam
826 444 1270 517 difficultatem
1312 440 1634 538 perlustret
1662 495 1677 518 ,
1736 468 1807 511 ac
1864 441 1905 510 fi
1966 468 2094 536 qua
2138 466 2470 512 occurrant

167 562 201 635 'a
242 558 429 631 nobis
480 581 618 626 non
661 552 929 625 tradita,
986 574 1058 620 ea
1095 573 1249 618 cum
1295 545 1559 621 nostris,
1619 544 1914 641 adeoque
1965 544 2178 638 primis
2223 542 2472 615 Mathe-

167 666 299 736 seos
351 656 661 751 Principiis
710 659 1072 726 connetstat.
1184 658 1385 722 Hunc
1434 650 1609 719 enim
1648 649 1936 718 fructum
1977 650 2210 743 sperare
2252 644 2474 722 debet,

168 765 279 864 qui
329 765 536 833 nostra
573 756 941 830 Marheseos
984 755 1316 827 Elementa
1365 751 1695 823 familiaria
1747 751 2091 846 experitur,
2152 775 2264 826 ut,
2308 776 2478 846 quae·-

168 893 421 964 cunque
459 867 589 959 jam
630 886 871 957 reperta
914 860 1088 935 sunt,
1134 857 1233 930 vel
1271 856 1338 925 in
1376 859 1703 950 posterum
1749 854 2169 950 reperientur,
2243 881 2314 924 ea
2363 853 2481 921 sin-

167 972 316 1070 gula
365 969 512 1040 citra
565 966 773 1036 ullum
823 963 1062 1036 Circuli
1123 986 1421 1036 metum,
1508 960 1753 1031 servato
1815 957 2056 1055 ubique
2113 957 2320 1055 rigore
2373 954 2483 1025 de*

167 1069 603 1146 monstrandi,
661 1096 814 1139 cum
861 1066 1080 1162 primis
1130 1063 1499 1137 Matheseos
1561 1060 1944 1133 notionibus
1976 1068 2355 1132 connectat:
2420 1058 2484 1128 id

169 1176 354 1274 quod
400 1201 561 1244 num
603 1171 737 1241 fieri
787 1171 1008 1267 potiit,
1073 1170 1118 1239 fi
1177 1168 1278 1240 cui
1325 1166 1596 1237 defuerit
1645 1168 1928 1264 Systema
1958 1217 1973 1242 ,
2031 1166 2094 1234 in
2147 1193 2284 1262 quo
2340 1189 2489 1233 om-

162 1281 346 1351 nium
376 1274 865 1370 Disciplinarum
929 1273 1218 1345 veritates
1269 1269 1587 1366 palmariae
1634 1270 1794 1340 inter
1858 1269 1914 1340 se
1968 1275 2485 1344 connectuntur,

164 1382 425 1453 illorum
464 1381 596 1450 esto
635 1378 946 1476 judicium
973 1424 991 1452 ,
1043 1379 1156 1475 qui
1192 1373 1506 1448 Methodi
1555 1372 1712 1446 vires
1758 1367 2046 1443 intimius
2112 1374 2486 1468 perspexere.

162 1491 311 1583 Jam
351 1510 543 1578 porro
597 1509 799 1554 nemo
839 1507 978 1553 non
1017 1480 1235 1554 novit,
1268 1503 1668 1578 quaecunque
1695 1477 1756 1547 in
1785 1476 2033 1571 Opticis
2066 1500 2259 1574 atque
2286 1480 2492 1547 Astra

169 1585 394 1660 nomia
441 1586 809 1664 traduntur,
854 1585 935 1657 ad
990 1609 1231 1656 naturae
1272 1581 1723 1682 cognitionem
1761 1579 2299 1652 Mathematicam
2339 1580 2493 1673 ejus-

163 1718 292 1790 que
341 1687 525 1763 usum
568 1689 632 1759 in
661 1691 791 1762 vita
832 1689 1118 1760 humana
1158 1689 1484 1785 pertinere.
1597 1685 1732 1784 Qi
1773 1710 1927 1754 vero
1970 1683 2311 1754 Scientiam
2353 1711 2493 1779 pro-¹

168 1790 308 1890 pius
345 1792 722 1888 adspiciunt,
770 1792 942 1864 ultro
988 1792 1396 1868 fatebuntur,
1440 1789 1835 1888 cognitionis
1865 1784 2340 1861 Mathematicae
2380 1786 2492 1881 pri„

123 1976 127 1977 γ
166 1923 348 1968 mam
388 1896 599 1967 ideam
629 1923 704 1967 ex
730 1896 979 1992 Opticis
1009 1919 1202 1996 atque
1225 1891 1639 1967 Astronomia
1681 1890 1994 1968 derivari,
2036 1916 2141 1985 per
2188 1897 2497 1962 Aerome-

165 2001 353 2073 triam
401 2003 471 2071 ὅ(
534 2000 1051 2096 Hydrostaticam
1101 1999 1584 2094 ampliandam,
1669 2023 1777 2093 per
1829 1992 2279 2069 Mechanicam
2335 2020 2495 2066 vero

167 2103 423 2176 ulterius
470 2103 938 2200 perficiendam.
1049 2101 1513 2195 Quamobrem
1552 2100 1662 2200 qui
1714 2101 1778 2171 in
1828 2098 2095 2169 Scientia
2143 2124 2354 2169 rerum
2393 2124 2498 2168 na-

167 2204 471 2279 turalium
525 2233 606 2277 eo
656 2209 852 2305 usque
906 2208 1205 2308 progredi
1247 2206 1570 2283 voluerit,
1624 2229 1696 2277 ut
1757 2202 2208 2301 cognitionem
2244 2200 2498 2275 Mathe-

168 2308 475 2381 maticam
531 2309 742 2380 eidem
793 2313 1058 2410 jungat,
1105 2316 1175 2382 δε
1223 2308 1412 2406 hujus
1457 2308 1694 2381 auxilio
1733 2306 1996 2378 subinde
2023 2330 2237 2377 utatur
2263 2306 2328 2377 in
2353 2333 2502 2377 cau-

167 2414 373 2485 sarum
424 2412 942 2512 investigatione,
1007 2416 1061 2485 ei
1123 2416 1494 2491 suademus,
1559 2437 1631 2483 ut
1694 2413 1776 2483 ad
1822 2410 2105 2481 modum
2148 2437 2284 2508 quo
2323 2415 2502 2481 Geo-

90 2539 103 2549 ’
169 2516 394 2588 metria
440 2520 512 2586 ὃς
563 2515 1018 2592 Arithmetica2
1077 2542 1221 2590 tum
1276 2518 1471 2588 etiam
1525 2514 1848 2616 Algebra2
1912 2515 1976 2585 in
2023 2514 2269 2610 Opticis
2301 2511 2501 2584 Disci-

168 2604 353 2716 pffi1is
406 2618 487 2690 ad
540 2618 1034 2691 Observationes
1087 2647 1514 2698 communes,
1580 2620 1647 2691 in
1699 2616 2154 2693 Astronomii'u
2220 2642 2353 2688 tam
2417 2614 2500 2685 ad

171 2749 596 2800 communes,
673 2749 875 2821 quam
915 2725 1388 2796 Astronomicas
1437 2723 1785 2820 applicatur
1838 2748 2158 2817 majorem
2197 2721 2500 2791 attentio-

171 2836 325 2896 nem
376 2824 877 2923 afferat,''quam
925 2826 1054 2925 qua
1103 2854 1371 2899 utuntur
1423 2828 1552 2904 illi,
1588 2825 1823 2924 quibus
1862 2824 2331 2895 tantummodo
2363 2821 2499 2894 ‚ani-

170 2954 316 2998 mus
357 2930 443 2998 est
492 2956 584 2999 res
636 2929 795 3000 solas
841 2932 1291 3028 cognoscendi.
1406 2929 1497 3002 Ita
1536 2933 1713 3013 enim
1749 2932 2045 2998 futurum
2090 2925 2497 3000 confidimus,

93 3121 96 3124 Δ
173 3057 255 3102 ne
291 3030 737 3128 cognitionem
767 3059 1005 3105 naturae
1048 3034 1583 3108 Mathematicam
1640 3055 2059 3129 promoturus
2114 3032 2180 3102 in
2219 3026 2499 3128 quacun-

171 3159 300 3230 que
364 3134 719 3231 Hypothefi
751 3184 770 3213 2
843 3165 1045 3237 quam
1111 3164 1423 3236 tanquam
1478 3135 1834 3230 poffibilem
1890 3133 2125 3211 sumit,
2205 3130 2500 3229 Analyfin

127 3274 130 3276 ’
173 3235 707 3314 Mathematicam
762 3266 1040 3315 exerceat
1071 3296 1088 3323 ‚
1162 3238 1392 3339 parum
1453 3238 1756 3312 sollicitus
1822 3263 1987 3308 num
2039 3264 2113 3307 ea
2163 3237 2237 3307 sit
2275 3241 2496 3326 Hypo-

1394 3350 1437 3397 *
1491 3368 1523 3442 3
2308 3333 2490 3406 thefis
