2698 3769
269 186 380 265 cap.
418 190 512 248 111.
591 190 710 247 DE
790 185 1374 247 sYerMATE
1453 179 2131 264 PLANETARIOq
2269 182 2388 244 22ss

1277 317 1493 392 superior
1516 319 1564 371 in
1606 320 1643 372 F
1685 330 1909 387 tempore
1935 301 2375 379 retrogradationis

1277 398 1557 469 apparentis
1590 397 1823 449 immotus
1859 390 2019 445 foret,
2063 389 2248 440 Punc‘ta
2287 383 2374 435 sta-

2428 290 2545 342 Tab's

2443 365 2486 407 V
2499 363 2537 406 Ι.

2403 432 2531 491 figo
2541 438 2585 490 Ξ.

64 319 167 372 sunt
207 332 345 380 quam
393 319 520 372 Jovis
565 326 609 368 &
654 319 780 376 Jovis
816 316 1158 380 frequentiores

69 400 206 450 quam
241 385 419 431 Martis.

4 2607 7 2688 l

80 520 83 523 ·
240 452 806 506 CoaoLLArtrtrM
896 451 976 504 11.

135 538 244 587 589.
257 528 496 587 Quoniam
512 543 665 578 motus
682 527 720 576 ’ἦ
741 528 798 575 ad
817 540 998 576 motum
1012 530 1157 575 Terrae

26 618 31 619 ⁷
65 595 127 644 est
148 607 197 641 ut
220 611 237 640 1
264 593 322 639 ad
346 610 404 652 30
428 598 609 650 (AY-32),
639 598 751 644 dum
769 599 909 642 Terra
929 594 1157 656 integram

65 661 280 709 Orbitam
331 661 585 720 percurrit,
610 675 646 723 ἦ
676 661 953 725 trigesimam
975 661 1159 707 circiter

66 726 146 778 suae
169 739 345 788 partem
367 725 439 772 seu
467 743 481 772 1
497 744 518 772 2
543 729 712 788 gradus
738 724 953 775 confecit.
999 731 1156 780 Quare

67 808 171 842 cum
209 795 349 839 Terra
393 792 573 854 singulis
612 793 709 842 fere
745 793 909 841 diebus
962 792 1156 855 gradum

67 875 207 906 unum
238 858 509 910 emetiatur,
544 874 793 921 antequam
822 864 1063 906 Saturnum
1083 892 1096 911 ,
1131 857 1158 906 εὶ

65 941 161 987 quo
199 923 413 986 digressa,
441 925 605 970 iteruin
631 926 911 986 assequatur,
940 928 1059 971 ultra
1079 940 1156 972 an-

61 1007 204 1040 nuum
227 989 420 1049 spatium
461 1006 514 1035 12
552 989 648 1038 fere
681 992 917 1039 elabantur
939 991 1037 1037 dies
1077 1008 1154 1039 ne-

60 1055 172 1105 cesse
200 1056 285 1108 est,
323 1054 659 1116 consequenter
692 1057 887 1120 spatium
925 1060 1155 1120 temporis

27 1152 30 1154 v
61 1121 316 1172 interrduas
337 1123 764 1184 retrogradationes
792 1121 830 1170 Τ)
866 1124 1155 1171 intercedens

62 1190 149 1237 erit
171 1188 353 1234 circiter
374 1188 507 1234 unius
537 1192 643 1237 anni
665 1205 716 1236 ac
737 1189 916 1236 dierum
948 1205 1019 1235 12.
1055 1192 1156 1237 Nec

60 1255 250 1302 absimili
277 1256 424 1300 modo
451 1254 707 1303 ostenditur
725 1289 740 1309 ,
788 1255 909 1301 inter
938 1254 1053 1302 duas
1086 1273 1156 1303 re-

61 1319 438 1384 trogradationes
459 1326 506 1373 24.
535 1322 727 1379 interjici
754 1321 948 1384 spatium
971 1336 1155 1384 tempo-

60 1388 121 1434 ris
151 1389 389 1448 aliquanto
425 1391 572 1444 maius
609 1404 731 1435 anno
768 1403 863 1434 uno
905 1403 957 1434 ac
1002 1388 1155 1436 mense

59 1469 188 1506 uno,
236 1455 358 1500 inter
399 1452 513 1500 duas
556 1454 718 1502 Martis
760 1470 871 1504 vero
910 1453 1154 1503 biennium

57 1533 250 1568 clreiter.

248 1592 726 1640 THEoREMA
810 1588 961 1641 XIX.

146 1679 168 1732 5
181 1679 268 1728 90.
315 1664 495 1718 Orbita
513 1664 720 1719 Martis
738 1664 923 1718 Telluri
944 1672 1153 1738 propior,

58 1764 204 1816 quam
240 1742 416 1795 Orbita
456 1743 615 1808 Jovis
650 1745 708 1813 (ῥ’
742 1744 830 1796 haec
868 1747 1016 1796 eidem
1045 1762 1152 1815 pro-

53 1836 159 1893 ptor
180 1841 326 1892 quam
351 1820 558 1873 Saturni
579 1821 778 1874 Orbita:
809 1821 985 1876 Orbita
1004 1819 1158 1876 Lunae

0 1905 1 1926 ³
60 1901 259 1971 denique
282 1901 346 1967 est
372 1906 581 1952 omnium
610 1917 852 1971 proxtma.

284 2001 919 2054 DEMONSTRATIO.

132 2075 267 2128 Mars
306 2078 438 2129 enim
492 2081 699 2146 Jovem,
747 2079 938 2149 Jupiter
983 2080 1151 2133 Satur-

51 2169 206 2229 num,
259 2155 395 2207 Luna
442 2156 666 2207 Planetas
708 2174 880 2209 omnes
932 2153 1157 2228 superio-·

52 2249 130 2287 res
171 2234 335 2285 Oculo
388 2233 434 2285 in
479 2236 631 2286 Terra
673 2235 937 2289 constituto
984 2251 1151 2307 tegere

55 2311 212 2383 potest
254 2313 324 2379 <§.
360 2311 505 2378 541).
546 2311 678 2364 Mars
712 2311 859 2383 igitur
898 2311 1023 2367 inter
1070 2314 1149 2383 Jo-

55 2405 173 2442 vem
219 2393 268 2441 ὅ(
311 2392 591 2450 Tellurem,
625 2391 816 2461 Jupiter
849 2393 976 2442 inter
1016 2394 1149 2443 Mar-

29 2482 154 2522 -tem
182 2470 232 2519 δε
258 2469 519 2519 Saturnum
547 2464 834 2530 intercedit,
860 2470 997 2521 Luna
1027 2488 1150 2522 vero

54 2544 237 2600 Telluri
265 2547 518 2616 proxima,
548 2544 782 2617 adeoque
811 2548 989 2598 Orbita
1017 2548 1151 2600 Mar-

54 2623 114 2677 tis
142 2625 345 2693 propior
368 2623 436 2676 est
462 2640 611 2694 quam
641 2623 822 2676 Orbita
847 2626 1014 2693 JoviS,
1048 2626 1150 2679 haec

6 2736 7 2742 =
55 2717 176 2753 vero
202 2702 404 2772 propior
431 2702 612 2754 Orbita
639 2701 862 2764 Saturni,
890 2703 1040 2755 Lunae
1067 2721 1150 2757 au-

55 2791 155 2832 tem
182 2779 360 2832 Orbita
401 2778 621 2831 omnium
659 2780 901 2849 proxima.
944 2782 1004 2849 Q.
1034 2803 1073 2835 e.
1099 2785 1147 2835 d.

296 2867 540 2916 THEOR
566 2877 698 2913 EMA
781 2866 902 2917 XX.

80 2976 89 2979 „
134 2952 265 3007 591.
295 2943 351 2994 ln
364 2939 620 3013 FJypothefi
639 2939 795 2992 Terrae
813 2959 958 3003 motae,
979 2942 1148 2995 Sarm-

53 3036 145 3070 nus
163 3020 349 3071 diutius
374 3022 439 3089 est
461 3021 765 3089 retrogradus
788 3039 931 3092 quam
952 3022 1151 3094 Jupiter

55 3093 115 3155 ὦ
146 3095 225 3149 hic
250 3099 437 3151 diutius
462 3115 609 3168 quam
635 3097 816 3150 Mars.

241 3176 936 3229 'DEMONSTRATJQ

71 3268 82 3309 ,·
135 3249 678 3311 Ιὶἱμά,,3ῑῐεηάεητῐὶ)ιιε
720 3251 781 3305 ad
828 3254 1150 3308 Demonstra-

59 3325 216 3408 tiones
244 3328 512 3405 superiores
548 3326 656 3385 satis
690 3345 852 3406 patet,
888 3331 922 3389 si
948 3336 1154 3403 planeta

1206 2163 1211 2279 l

1278 477 1470 529 tionum
1511 474 1618 528 fore
1656 469 1836 526 eadem
1872 487 1984 524 cum
2023 464 2219 518 Pundtis
2252 463 2302 516 C
2327 464 2390 529 &-

1279 556 1360 615 D,
1396 555 1443 607 in
1470 554 1651 624 quibus
1678 550 1818 604 Radii
1846 567 1908 602 ex
1938 547 2134 599 Planeta
2164 546 2211 593 in
2244 541 2382 592 Cen-

1278 647 1407 684 trum
1451 628 1660 684 Telluris
1701 625 1834 679 duoti
1868 624 2101 680 Orbitarn
2138 620 2242 686 ejus
2269 633 2381 670 tan-

1279 724 1419 781 gunt.
1511 710 1738 762 Ducatur
1790 705 1937 756 etiam
1987 706 2217 770 Tangens
2270 693 2382 749 (ΞΑ

1279 786 1305 841 a
1334 788 1536 840 Planeta
1565 784 1859 844 remotiore,
1898 779 1981 852 qui
2007 775 2272 832 necessario
2309 773 2380 826 ul-

1277 881 1352 917 tra
1386 867 1437 918 D
1471 862 1617 917 cadet
1653 862 1735 931 (S.
1765 873 1853 925 23.
1890 858 2086 931 Analyss
2127 859 2308 926 infinit.
2337 856 2380 915 ).

1278 945 1427 995 Foret
1472 960 1597 1013 ergo
1643 956 1782 994 arcus
1826 940 1988 997 ΑΕΒ,
2038 951 2186 1005 quern
2226 936 2384 985 Terra
2459 963 2464 967 -

1276 1021 1562 1073 emetiretur
1610 1020 1657 1072 in
1701 1013 2129 1087 retrogradatione
2169 1012 2379 1064 Planctae

1277 1098 1558 1153 remotioris
1584 1101 1632 1151 G
1655 1097 1810 1163 major
1830 1112 1942 1147 arcu
1971 1094 2091 1152 CI),
2111 1106 2261 1161 quem
2288 1088 2379 1139 du-

1280 1194 1417 1230 rante
1448 1175 1878 1249 retrogradatione
1900 1169 2143 1242 propioris
2163 1171 2198 1220 F
2222 1162 2378 1218 confi-

1280 1256 1362 1309 cit.
1420 1258 1592 1325 Qrare
1611 1272 1722 1308 cum
1749 1255 1987 1305 Saturnus
2011 1247 2208 1318 longius
2232 1243 2376 1297 distet

1280 1334 1306 1387 a
1333 1340 1479 1389 Terra
1500 1351 1648 1405 quam
1682 1333 1867 1402 Jupiter
1886 1331 1935 1381 &
1962 1325 2151 1398 Jupiter
2176 1321 2379 1393 longius

1283 1430 1433 1482 quarn
1472 1413 1605 1463 Mars
1640 1415 1709 1474 (§.
1738 1406 1885 1476 590)
1916 1406 2074 1472 major
2119 1418 2256 1453 arcus
2290 1403 2382 1451 Or-

1282 1491 1396 1543 bitae
1451 1490 1661 1543 Telluris
1713 1481 2133 1557 retrogradationi
2182 1476 2381 1532 Saturni

1283 1587 1433 1639 quam
1478 1568 1618 1638 Jovis
1668 1570 1718 1618 &
1761 1565 1921 1632 major
1962 1554 2383 1630 retrogradationi

1281 1648 1420 1717 Jovis
1460 1664 1609 1717 quam
1649 1638 1821 1699 Martis
1864 1637 2200 1712 responderet.
2236 1659 2238 1661 “
2282 1630 2381 1700 Etsi

1277 1743 1398 1777 vero
1431 1725 1642 1778 Planetae
1682 1722 1900 1781 interea,
1940 1718 2059 1772 dum
2099 1710 2379 1786 retrogradi

1275 1821 1336 1856 ex
1378 1804 1576 1858 Tellure
1621 1796 1923 1873 spectantur,
1971 1796 2018 1849 in
2069 1793 2250 1848 Orbita
2294 1786 2377 1844 sua

1275 1882 1682 1953 progrediantur,
1725 1878 1958 1949 adeoque
2004 1892 2141 1926 arcus
2182 1868 2374 1924 Orbitae

1275 1960 1486 2013 Telluris
1522 1955 2033 2029 retrogradationibus
2067 1968 2238 2028 eorum
2282 1943 2374 1999 rts-

1273 2037 1553 2109 pondentes
1576 2034 1697 2088 fiant
1720 2036 1932 2087 minores
1956 2047 2104 2102 prout
2130 2047 2191 2081 ex
2217 2043 2376 2080 atten-

1270 2132 1319 2169 ta
1355 2114 1747 2168 consideratione
1777 2109 2274 2167 Demonstrationum
2305 2099 2377 2158 su-

1272 2196 1522 2267 periorum
1550 2187 1821 2262 perspicere
1851 2191 2029 2243 datur:
2070 2205 2179 2239 cum
2210 2199 2378 2236 tamen

1207 2303 1209 2306 ·
1275 2289 1436 2326 motus
1466 2267 1504 2315 Τ)
1542 2268 1597 2322 sit
1641 2267 1828 2322 tardior
1876 2261 2082 2321 motu2i*
2119 2258 2380 2331 motusque

1273 2363 1318 2409 24
1346 2351 1535 2404 tardior
1565 2363 1706 2401 motu
1736 2351 1784 2412 ὅ(
1831 2347 1910 2416 (§.
1948 2358 2036 2414 32.
2080 2348 2129 2397 &
2167 2338 2381 2411 seqq),

1277 2432 1458 2483 Puncta
1506 2427 1808 2486 stationum,
1860 2445 1970 2498 quae
2016 2439 2183 2475 arcum
2234 2414 2378 2486 supra

1271 2508 1454 2561 dictum
1492 2505 1850 2564 determinant,
1890 2501 1919 2556 a
1949 2502 2141 2556 Punc'tis
2178 2510 2377 2550 contac-

1270 2605 1407 2639 tuum
1446 2585 1602 2637 minus
1637 2582 1888 2636 distabunt
1910 2583 1956 2634 in
1977 2585 2191 2636 Saturno
2218 2590 2372 2647 quam

1270 2665 1317 2717 in
1356 2667 1518 2734 Jove,
1562 2667 1613 2715 &
1657 2663 1703 2714 in
1741 2662 1872 2730 Jove
1916 2661 2074 2712 minus
2124 2673 2275 2726 quam
2317 2652 2368 2704 in

1275 2744 1463 2802 Marte,
1485 2740 1719 2810 adeoque
1746 2756 1883 2793 arcus
1915 2739 1994 2791 ille
2020 2738 2178 2803 major
2205 2729 2371 2785 adhuc

1270 2820 1361 2873 erit
1397 2837 1489 2892 pro
1526 2822 1772 2877 Saturno,
1820 2835 1970 2890 quam
2012 2833 2104 2887 pro
2152 2817 2275 2886 Jove
2318 2813 2370 2863 ὅ(

1270 2899 1427 2966 major
1477 2916 1570 2969 pro
1619 2898 1778 2966 Jove,
1835 2913 1984 2966 quam
2039 2913 2129 2966 pro
2170 2895 2368 2950 Marte,-

1271 2973 1628 3047 consequenter
1652 2992 1763 3028 cum
1793 2978 1945 3027 Terra
1971 2973 2014 3025 in
2044 2990 2155 3024 arcu
2179 2971 2369 3037 majore

1273 3055 1455 3110 diutius
1484 3067 1822 3105 commoretur
1852 3050 2002 3123 quarn
2033 3052 2079 3103 in
2106 3050 2368 3106 breviore,

1277 3130 1726 3204 retrogradationes
1770 3127 1967 3184 Saturni
2007 3145 2148 3182 erunt
2185 3128 2372 3180 diutur-

1276 3214 1436 3267 niores
1479 3227 1628 3282 quam
1664 3207 1808 3279 Jovis
1846 3213 1894 3262 ἃ
1930 3207 2066 3278 Jovis
2094 3206 2375 3275 diuturnios

1276 3310 1351 3347 res
1388 3308 1541 3364 quam
1578 3288 1767 3359 Martis,
1820 3285 1893 3356 Q
1921 3307 1960 3340 e.
1993 3287 2041 3339 d.

1725 3410 1825 3466 Lii
1866 3423 1901 3477 2
2167 3375 2378 3480 Trium
