2713 3769
362 226 487 285 172'
791 215 1451 275 ELEMENTA
1554 217 2293 276 DIOPTRICAE.

362 345 859 442 Dioptricorum
925 346 1477 418 constructionem
1541 347 1816 420 deduco.
1925 347 2160 446 Aliqua
2210 371 2432 422 tamen
2481 356 2713 427 Exem-'

357 449 464 545 pla
520 451 1170 524 Demonstrationum
1214 451 1584 550 vulgarium
1637 450 1884 531 affero,
1945 477 2019 523 ut
2060 451 2548 530 Methodorum
2601 486 2710 531 va·-

358 555 538 627 rietas
591 556 945 630 innotescat
1009 555 1091 625 ad
1149 555 1684 651 amplificandum
1722 555 1967 655 Ingenii
2023 556 2229 634 vires,
2310 584 2515 654 quem
2571 561 2707 631 sco-

357 685 522 755 pum
575 658 780 730 labori
831 685 983 731 meo
1026 686 1163 729 non
1203 659 1517 729 ultimum
1569 660 2033 774 proefigendum
2083 659 2198 731 effe
2252 661 2453 732 statui.
2561 671 2708 735 Pro-

356 762 491 834 dest
543 762 906 859 Dioptrices
954 763 1248 863 cognitio
1293 762 1451 844 illis,
1520 764 1631 861 qui
1681 791 1895 836 rerum
1946 763 2337 835 naturalium
2386 766 2706 865 cognitio-

355 892 510 937 nem
544 894 707 938 curae
755 871 1066 966 cordique
1108 866 1392 938 habent:
1463 895 1677 966 neque
1728 868 1905 939 enim
1961 866 2173 939 solum
2218 868 2527 964 Principia
2569 871 2703 967 sup.

351 970 594 1067 peditat
621 1024 636 1048 ‚
691 973 862 1044 unde
911 972 1315 1064 Qaestiones
1346 971 1620 1070 Phyficae
1659 970 1995 1069 permultae
2044 970 2438 1047 enodantur,
2472 999 2702 1048 verum

352 1074 548 1146 etiam
589 1102 749 1145 verae
787 1075 1096 1151 Methodi
1126 1074 1627 1170 Philosophandi
1678 1077 1758 1148 de
1789 1074 2006 1149 Rebus
2046 1075 2442 1147 naturalibus
2486 1076 2703 1168 ideam

352 1178 735 1251 Lectoribus
792 1181 1065 1253 infinuat
1137 1185 1208 1252 ὃς
1276 1181 1473 1252 varias
1542 1179 1943 1254 observandi
2005 1185 2077 1252 &
2143 1180 2703 1275 Experimentandi

349 1283 719 1356 Methodos
760 1287 1130 1384 suppeditat.
1241 1292 1315 1357 In
1363 1286 1779 1357 Astronomia
1818 1284 1985 1356 utilis
2034 1286 2120 1355 est
2160 1309 2304 1356 tum
2353 1283 2434 1355 ad
2474 1283 2703 1375 Obser÷

354 1388 645 1459 vandum
680 1441 698 1466 ,
759 1415 906 1462 tum
961 1390 1043 1461 ad
1083 1388 1688 1484 Demonstrandum
1721 1442 1737 1467 ,
1812 1412 1885 1460 ut
1927 1388 2126 1459 hodie
2188 1388 2316 1459 fine
2366 1388 2713 1484 Dioptricai

348 1517 663 1564 mancum
705 1521 778 1568 ac
821 1493 1133 1568 mutilum
1189 1493 1541 1570 dicendum
1593 1494 1666 1564 fit
1708 1492 2136 1569 Astronomiae
2176 1491 2500 1564 Studium.
2585 1500 2704 1568 Va-

349 1595 468 1669 rias
513 1624 784 1696 quoque
837 1601 918 1671 ad
975 1601 1177 1673 vitam
1228 1597 1414 1671 affert
1477 1598 1778 1669 utiiitates
1839 1602 1910 1668 δε
1959 1597 2441 1694 jucunditates:
2523 1597 2713 1696 quodi

350 1700 490 1772 satis
533 1703 950 1799 perspicient5
1005 1707 1119 1803 qui
1165 1703 1264 1779 vel
1307 1704 1443 1774 haec
1491 1701 1824 1774 Elementa
1881 1700 2236 1773 attentione
2284 1727 2424 1771 non
2464 1700 2700 1798 superfi-

349 1804 533 1876 ciaria
589 1808 1075 1900 perlustrabunt.
1198 1807 1438 1881 Addidi
1507 1834 1662 1878 eum
1717 1807 1782 1876 in
1839 1806 2040 1878 finem
2080 1804 2419 1878 Vitrorum
2468 1804 2713 1902 polion-2

350 1909 592 1980 dorum
624 1911 1038 2012 aliorumque
1080 1913 1624 2009 perficiendorum
1662 1919 1885 1983 Praxes
1916 1964 1932 1989 ‚
1993 1933 2066 1981 ut
2117 1909 2189 1979 iis
2251 1910 2378 1980 una
2429 1910 2697 1984 consule-⁴

351 2039 489 2083 rem
518 2066 532 2090 ‚
578 2017 691 2112 qui
722 2017 1133 2114 superficiaria
1171 2018 1561 2117 cognitione
1602 2042 1818 2087 rerum
1857 2014 2149 2089 contenti
2181 2013 2265 2088 ad
2287 2015 2671 2097 Instrumenj

347 2115 684 2215 Diopttica
734 2123 1012 2221 paranda
1048 2123 1452 2222 potissimam
1487 2147 1712 2197 curam
1752 2119 2056 2222 dirigunt.

2259 3337 2681 3421 ELEMEN
