2698 3769
419 202 689 286 capam
767 202 886 262 DE
965 193 1622 259 APPARENTIA
1701 193 2074 252 UMBRAE.

116 352 222 416 que
254 340 395 395 reC’tae
439 337 551 394 CD
590 334 748 389 ductae
780 346 925 388 erunt
961 329 1010 384 in
1036 327 1222 384 eodem

119 423 275 478 Plano
296 420 511 474 ACDB.
595 415 756 468 Lineae
780 413 929 484 igitur
952 410 1040 463 AB
1056 408 1222 480 Appa-

124 497 276 556 rentia
318 502 353 551 F
367 501 405 550 E
449 497 518 550 est
557 495 604 548 in
645 489 979 546 intersectione
1012 486 1220 540 Tabulae

125 583 178 633 «Sc
201 576 335 629 Plani
362 576 559 629 ACDB
592 575 668 639 (§.
687 569 810 636 22).
893 571 1029 638 Ergo
1067 569 1143 620 EF
1168 565 1217 617 in

123 651 318 711 Tabula
359 654 599 724 producta
637 645 900 704 necessario
942 647 1081 698 redtae
1112 643 1218 697 DC

125 735 341 788 occurrit
366 731 412 785 in
438 733 626 786 Puncto
657 730 739 792 C,
764 726 849 781 ubi
870 723 1120 781 Tabulam
1147 717 1217 775 se-

123 826 222 870 cat.
303 809 431 879 Qe.
464 813 511 866 d.
586 815 589 817 ’

347 919 960 973 CoaoLLARIUM.

187 1040 265 1084 97.
311 1023 550 1086 Qroniam
581 1024 683 1069 CD
719 1020 780 1068 est
818 1019 1033 1082 parallela
1062 1015 1213 1065 omni-

120 1091 207 1139 bus
241 1091 388 1137 Lineis
416 1089 664 1148 Objefflvis
681 1122 695 1141 ‚
731 1088 897 1149 quaein
924 1089 1064 1133 Plano
1083 1087 1213 1132 Geo-

120 1157 318 1206 metrico
353 1157 436 1221 ipsi
468 1159 554 1203 AB
590 1156 812 1218 parallelae
838 1151 940 1200 sunt
981 1155 1066 1207 (5.
1094 1167 1209 1212 495.

119 1227 297 1280 Geom.)
320 1241 332 1276 3
355 1223 643 1287 Apparentiae
665 1222 983 1285 parallelarum
1011 1218 1213 1281 produc-

118 1304 175 1340 tae
207 1306 370 1338 omnes
389 1292 437 1338 in
474 1289 643 1338 eodem
670 1289 842 1336 Puncto
871 1290 910 1333 C
934 1301 1214 1335 concurrere

118 1357 310 1407 debent.

313 1441 352 1491 P
374 1443 603 1491 RoB‘LE
627 1452 718 1490 MA
777 1435 1022 1489 XXXII.

201 1544 295 1600 98.
336 1532 441 1587 Sole
473 1537 604 1588 ultra
639 1532 878 1586 Tabulam
916 1533 1170 1600 constituto
1197 1569 1214 1594 ‚

122 1614 241 1667 data
264 1621 364 1679 ejus
390 1615 625 1684 distantia
650 1610 682 1665 a
713 1613 868 1666 Plano
895 1611 1127 1664 Vi’rticali
1158 1609 1218 1672 ὠ·

123 1693 385 1746 altitudine
394 1692 525 1764 ἦψεν
541 1690 695 1743 Plano
720 1687 1017 1744 Geometrico
1032 1726 1047 1751 2
1063 1694 1117 1742 in
1129 1709 1219 1763 quo

22 1767 36 1788 ⁵
125 1769 296 1842 Corpus
314 1768 1215 1841 constituitursexhibereApparemiam

39 1896 52 1911 ,
124 1846 299 1901 Umbra
343 1849 545 1919 ejusdem
582 1844 798 1921 Corporis
845 1846 1217 1920 Scenographice

3 1894 9 1927 ⁴.
116 1926 448 1999 repraest’ntati.

413 2028 933 2083 Resocurto.

8 2178 11 2214 ζ
123 2149 170 2192 1.
196 2138 269 2191 Ex
299 2137 491 2189 Puncto
506 2136 763 2207 Principali
790 2139 840 2191 V
866 2135 1085 2207 erigatur
1111 2132 1214 2188 VA

234 2213 296 2268 ad
345 2214 548 2267 Lineam
588 2215 965 2268 Horizontalem
993 2216 1088 2268 NR
1108 2231 1215 2284 per-

235 2290 561 2364 pendicularis
602 2296 653 2346 &
678 2292 912 2347 distantiae
949 2291 1100 2345 Oculi
1127 2292 1216 2347 VL

122 2458 174 2506 2.
200 2370 454 2502 &2315
469 2446 675 2519 angulus
694 2446 836 2501 VAB
864 2445 1099 2503 distantiae
1125 2451 1216 2504 So-

237 2525 292 2579 lis
324 2524 355 2579 a
383 2526 537 2579 Plano
569 2526 798 2580 Verticali
818 2527 1035 2599 aequalis,

125 2619 177 2671 3.
205 2606 261 2659 In
292 2608 331 2658 Β
358 2605 572 2675 erigatur
601 2604 1017 2676 perpendicularis
1040 2603 1216 2660 indefi-

235 2682 339 2736 nita
367 2683 484 2745 BD,
512 2680 736 2754 factaque
754 2684 1012 2738 BC==BA
1034 2682 1120 2737 fiat
1132 2701 1215 2738 an-

237 2762 380 2831 gulus
419 2762 469 2815 C
499 2760 741 2813 altitudini
767 2762 895 2816 Solis
916 2761 1139 2835 aequalis,
1160 2776 1215 2815 ut

127 2838 133 2842 “
234 2838 473 2894 habeatur
497 2840 735 2893 Punctum
772 2839 839 2894 D.

14 2919 15 2923 ’
116 2915 369 2988 4Qodfi
383 2919 483 2987 jam
505 2933 752 2989 quaeratur
769 2916 1071 2989 Apparentia
1084 2920 1214 2972 Urn-

236 2998 335 3050 brae
354 3034 371 3059 2
405 3014 555 3068 quam
583 2995 778 3067 projicit
806 2999 1048 3050 Punctum
1073 2995 1214 3050 subli-

231 3092 312 3127 me
347 3077 397 3128 H
414 3098 428 3134 ‚·
465 3071 664 3127 derniffa
691 3074 1078 3146 perpendiculari
1102 3077 1210 3130 HI,

227 3150 297 3206 ad
322 3152 526 3207 Planum
561 3149 920 3223 Perspedtivum
939 3191 954 3215 ,
999 3151 1213 3206 ducatur

230 3248 320 3303 per
368 3233 391 3284 Ι
438 3232 568 3286 recta
607 3234 716 3285 KIB
755 3235 807 3286 ὃ(
848 3249 939 3304 per
981 3235 1032 3285 H
1081 3232 1211 3285 reeca

192 3400 359 3471 Wolfit
385 3403 525 3478 Oper.
553 3403 808 3462 Mathem.
837 3405 1100 3461 Tom.111.

2384 209 2459 268 97

1427 327 1561 382 Dico
1607 328 1686 380 11<
1719 321 1810 379 effe
1846 322 2197 398 Apparentiam
2239 325 2451 381 Umbrae

1344 405 1598 478 quaefitam
1619 443 1634 466 ‚
1673 404 1903 474 adeoque
1926 404 2179 459 Umbram
2205 406 2397 475 Corpo·
2442 426 2447 427 ⁷

1342 482 1680 555 cujuscunque
1715 484 1914 553 reperiri
1947 497 2001 535 ut
2035 481 2081 534 in
2122 481 2437 535 Problem„

1340 563 1432 617 bus
1459 560 1794 634 superioribus
1822 599 1836 621 ‚
1884 560 1917 613 fi
1944 561 2135 612 Puncto
2168 563 2217 614 D
2253 575 2440 613 utamtf

1335 657 1569 714 tanquam
1606 639 1779 692 medio
1816 641 2003 692 Puncto
2033 636 2283 699 candelae,
2313 644 2361 690 ὅ(
2405 642 2440 689 ,3

1334 734 1572 792 tanquam
1600 719 1790 772 Puncto
1808 753 1825 777 ,
1853 718 1934 771 cui
1970 716 2090 769 illud
2115 716 2441 789 perpendicu-

1333 798 1497 853 lariter
1522 797 1767 851 imminet.
2029 797 2045 819 “

1555 920 2224 993 DEMoNsrRA‘rxo.

1407 1046 1662 1115 Quoniam
1702 1048 1805 1103 AV
1830 1047 1891 1102 ad
1926 1048 2025 1102 NR
2055 1042 2436 1121 perpendicula⁴

1331 1123 1394 1178 ris
1441 1130 1490 1178 &
1530 1128 1735 1199 angulus
1773 1129 1930 1182 VAB
1963 1128 2197 1181 distantiae
2236 1126 2364 1179 Solis
2400 1123 2431 1179 a

1330 1203 1487 1257 Plano
1533 1205 1807 1270 Verticali‚
1865 1205 1980 1260 VA
2026 1224 2148 1260 vero
2192 1204 2430 1259 distantiae

1330 1282 1477 1336 Oculi
1504 1280 1533 1337 a
1560 1285 1755 1339 Tabula
1781 1284 2002 1356 aequaliS‚
2016 1301 2102 1357 per
2125 1286 2377 1354 construd'l.
2394 1279 2431 1337 fi

1331 1361 1656 1434 Triangulum
1699 1364 1841 1418 BAV
1872 1363 2181 1435 concipiatur
2222 1361 2428 1425 elevari,

1329 1439 1492 1493 donec
1519 1443 1675 1494 Plano
1699 1441 2023 1495 Geometrico
2050 1440 2104 1493 fit
2122 1442 2431 1514 parallelum,

1329 1518 1420 1572 erit
1464 1521 1568 1574 VA
1613 1520 1660 1573 in
1708 1520 1863 1574 Plano
1913 1520 2148 1574 Verticali
2190 1518 2429 1588 (§.10);

1330 1595 1565 1670 adeoque
1597 1597 1782 1652 Radius
1822 1599 1920 1654 BA
1960 1617 2020 1652 ex
2054 1598 2220 1651 Oculo
2254 1598 2300 1653 A
2324 1614 2433 1651 ver-

1330 1675 1404 1730 sus
1430 1677 1558 1730 Solis
1587 1677 1783 1750 plagam
1811 1679 2020 1733 tendens
2046 1678 2092 1730 in
2118 1676 2300 1732 eodem
2328 1675 2434 1730 Pla-

1329 1774 1428 1820 nO,
1454 1756 1500 1809 in
1527 1774 1632 1829 quo
1658 1758 1807 1810 haeret
1834 1759 2079 1811 Fentrum
2106 1756 2252 1810 Solis.
2295 1757 2434 1824 Qua-

1331 1853 1383 1888 re
1427 1852 1539 1888 cum
1589 1834 1777 1889 Radius
1827 1836 1956 1889 Solis
2007 1838 2110 1896 ΙΚ,
2140 1852 2227 1906 per
2275 1837 2434 1888 Punc-

1330 1929 1440 1967 tum
1483 1913 1505 1965 1
1541 1912 1770 1967 transiens
1797 1918 1846 1969 &
1880 1915 1943 1968 ab
1986 1920 2166 1986 Opaco
2191 1912 2239 1965 in
2273 1912 2435 1966 Plano

1330 1992 1660 2047 Geometrico
1694 1993 2020 2065 interceptus,
2048 1991 2102 2045 fit
2147 1990 2197 2044 in
2247 1990 2434 2046 eodem

1329 2070 1488 2123 Plano
1532 2069 1620 2141 (§.
1656 2072 2008 2144 125.0ptic.)‚
2037 2074 2090 2125 &
2110 2069 2434 2142 Triangulum

1328 2149 1492 2203 BAV
1536 2149 1824 2221 parallelum
1857 2150 2014 2203 Plano
2052 2147 2383 2204 Geometrico
2409 2184 2430 2211 ,

1320 2244 1406 2299 per
1435 2227 1618 2301 hypotb.
1650 2231 1746 2282 erit
1777 2229 1876 2282 BA
1908 2227 2071 2283 Radio
2104 2227 2178 2280 isti
2217 2225 2430 2281 Paralle-

1327 2305 1410 2367 la,
1458 2306 1693 2378 adeoque
1729 2306 1872 2374 hujus
1912 2305 2218 2379 Apparentia
2257 2308 2336 2358 IK
2376 2304 2429 2358 in

1326 2383 1520 2438 Tabula
1553 2385 1601 2437 in
1651 2387 1839 2438 Punao
1878 2390 1913 2439 Β
1949 2403 2062 2438 cum
2094 2383 2245 2438 Linea
2279 2381 2430 2438 Hori-

1327 2462 1509 2515 zontali
1547 2465 1651 2518 NR
1695 2463 1946 2516 concurrit
1994 2466 2077 2528 (§.
2108 2459 2234 2530 96).
2317 2465 2431 2534 Jam

1329 2559 1443 2594 cum
1482 2559 1660 2595 omnes
1701 2539 1846 2597 Radii
1888 2542 2144 2612 intercepti
2192 2537 2275 2594 seu
2301 2542 2431 2595 Um-

1329 2620 1472 2672 bram
1521 2619 1694 2673 Ρυηὸὶί
1741 2619 1959 2673 sublimis
2011 2618 2332 2672 terminantes
2378 2617 2429 2671 in

1329 2697 1487 2751 Plano
1515 2698 1841 2751 Geometrico
1874 2697 1964 2750 fint
2000 2697 2127 2750 inter
2149 2693 2198 2750 se
2226 2696 2428 2770 paralle-

1326 2775 1359 2828 li
1395 2780 1481 2841 (§·
1510 2789 1600 2840 94.
1630 2776 1825 2849 Optic.)
1853 2814 1866 2832 ,
1905 2774 2137 2848 adeoque
2170 2776 2315 2829 etiam
2344 2792 2428 2847 pa-

1324 2853 1484 2908 ralleli
1528 2856 1668 2906 redtae
1723 2854 1814 2908 AB
1853 2854 2128 2925 Triangulo
2167 2855 2325 2908 AVB
2373 2865 2428 2906 ut

1326 2948 1440 2986 ante
1474 2932 1674 2986 elevato
1714 2932 1793 3000 (§.
1817 2947 1948 3000 495.
1970 2930 2211 3001 Geom.)‚·
2254 2947 2428 2984 omnes

1326 3011 1525 3064 illorum
1557 3011 1829 3063 Radiorum
1846 3009 2163 3082 Apparentiae
2197 3010 2244 3062 in
2272 3012 2427 3062 Punc-

1326 3105 1382 3142 to
1407 3092 1445 3142 Β
1468 3106 1763 3142 concurrere
1784 3087 1986 3142 debent.
2051 3087 2269 3143 Exhibet
2294 3085 2424 3139 adeo

1327 3169 1567 3221 Punctum
1591 3171 1628 3220 Β
1647 3167 1691 3220 in
1715 3167 1909 3222 Tabula
1927 3168 2188 3227 Punctum,
2217 3165 2263 3216 in
2281 3160 2421 3234 quod

1327 3246 1461 3300 cadit
1507 3245 1923 3317 perpendicularis
1969 3262 2031 3296 ex
2061 3245 2256 3298 Centro
2293 3241 2425 3295 Solis

1326 3321 1547 3381 demissa.

1628 3324 1775 3395 Qad
1795 3340 1903 3378 erat
1927 3342 2089 3375 unum.

1862 3403 1916 3457 N
2229 3391 2422 3466 Qodfi
