2713 3769
232 199 347 248 100

229 332 286 394 ᾗ.
311 319 368 374 In
401 316 574 376 medio
600 322 643 376 E
681 324 898 398 erigatur
923 320 1342 397 perpendicularis

350 399 447 456 EV
466 419 533 454 eo
570 403 792 475 longior,
822 421 927 476 quo
956 401 1234 458 deformior
1257 419 1340 477 ap·

355 496 532 550 parere
560 480 716 535 debet
744 484 941 556 Imago·

240 570 291 629 ς.
317 557 406 613 Ad
439 561 529 613 EV
559 560 772 615 ducatur
802 556 1226 634 perpendicularis
1255 559 1343 613 VS

352 654 418 692 eo
456 639 619 693 minor
646 677 661 702 ,
700 657 806 712 quo
842 639 1123 695 deformior
1160 641 1345 711 Imago

355 734 598 790 apparere
633 715 806 773 debet.

234 794 581 870 &Aefingulis
617 796 910 851 divifionum
932 794 1130 850 Punstis
1160 793 1352 851 ducan-

358 889 440 930 tur
466 876 532 930 ad
555 879 605 932 V
630 877 792 930 Lineae
817 879 959 935 restae
975 913 989 936 ‚
1026 879 1076 930 δε
1106 877 1295 930 PunCta
1317 894 1349 929 a

359 970 512 1027 atque
551 955 586 1008 S
609 955 876 1027 jungantur
905 952 1076 1008 itidem
1104 957 1235 1009 recta
1260 955 1347 1010 αδ.

239 1044 296 1103 7.
317 1033 412 1089 Per
437 1034 620 1104 Puncta
637 1072 651 1095 ,
671 1055 695 1087 c
717 1072 730 1090 ,
761 1057 785 1087 e
805 1074 818 1097 ‚
833 1035 901 1105 f,
916 1056 954 1107 g
976 1049 1190 1107 agantur
1207 1035 1350 1088 retstae

358 1110 445 1186 ipfi
486 1113 548 1166 ab
584 1112 829 1184 parallelae
854 1133 878 1170 ς.
914 1113 1006 1167 erit
1039 1114 1164 1169 abcd
1191 1113 1350 1170 Crati-

360 1193 471 1246 cula
499 1190 699 1266 Ectypi.

243 1279 305 1335 8.,
327 1272 419 1326 Per
450 1269 660 1342 lingulas
718 1269 911 1326 areolas
944 1269 1216 1327 Craticulae
1261 1274 1351 1327 Ec-

359 1349 470 1422 typi
508 1347 758 1422 disperge,
813 1367 925 1421 quae
962 1351 1009 1404 in
1052 1347 1352 1423 responden-

359 1428 499 1483 tibus
547 1430 724 1484 areolis
769 1429 1038 1484 Craticula?
1085 1429 1351 1504 Prototypi

362 1503 611 1562 delineata
648 1504 1033 1582 conspiciuntur.

319 1588 395 1643 Ita
430 1587 685 1642 obtinebis
722 1587 995 1658 Imaginem
1029 1584 1352 1650 difformem,

240 1683 352 1739 quae
371 1666 564 1730 Oculo³
588 1666 852 1723 intervallo
879 1670 972 1722 EV
987 1668 1056 1721 ab
1079 1685 1137 1722 ea
1153 1666 1355 1723 distanti

239 1750 295 1801 ἃ
320 1763 407 1818 per
448 1743 763 1800 altitudinem
808 1748 892 1800 VS
933 1743 1077 1819 supra
1108 1765 1220 1802 eam
1258 1748 1356 1803 ele-

241 1840 386 1890 vate,
405 1822 625 1880 formosa
651 1824 909 1898 apparebit
925 1828 1356 1903 (5-209.0ptic.).

509 1938 1007 1994 δοΗοιΙοΝἈ
1059 1937 1098 1991 1.

314 2050 428 2090 207.
481 2036 735 2094 Jucundius
778 2036 939 2082 accidit
971 2032 1289 2097 firmaculum,
1321 2031 1359 2092 fi

247 2104 399 2166 Imago
417 2102 659 2164 deformata
688 2120 769 2149 non
785 2119 948 2150 merum
965 2103 1093 2150 chaos
1109 2138 1124 2156 ,
1136 2105 1210 2161 secl
1223 2103 1357 2149 aliam

248 2173 492 2231 Imaginem
533 2168 587 2216 ab
623 2187 672 2217 ea
712 2170 950 2227 diversam,
989 2186 1077 2234 qua
1113 2170 1188 2216 hoc
1214 2167 1352 2228 artifi-

250 2241 316 2287 cio
345 2237 589 2298 deformata
609 2235 733 2298 fuit,
765 2236 997 2285 exhibeat:
1029 2234 1073 2284 id
1092 2239 1203 2301 quod
1221 2238 1357 2299 majo-

249 2321 344 2353 rem
365 2303 571 2363 Artificis
589 2307 796 2365 peritiam
827 2306 1015 2368 requirit
1036 2337 1050 2357 ,
1072 2322 1145 2352 nec
1177 2305 1355 2367 Regulis

246 2375 460 2421 commode
485 2374 781 2434 comprehendi
803 2371 948 2434 potest.
988 2371 1166 2432 Neseffi²
1194 2372 1252 2427 est
1272 2406 1283 2425 ‚
1305 2384 1356 2419 ut

246 2443 342 2506 quis
363 2440 593 2502 multiplici
613 2442 897 2492 Experientia
927 2440 1094 2487 edoiius
1124 2443 1370 2493 didicerit„

245 2525 375 2574 quam
399 2507 586 2569 formam
623 2510 806 2554 induant
836 2505 1011 2569 objetta
1031 2507 1224 2562 distincte
1253 2520 1353 2570 per-

244 2588 367 2639 cepta
388 2608 400 2627 ,
433 2577 504 2621 ubi
531 2586 678 2635 partes
708 2578 894 2639 quadam
931 2577 1116 2622 minores
1142 2579 1188 2624 in
1221 2592 1352 2625 unum

239 2641 414 2705 confusa
440 2659 521 2691 non
547 2642 730 2706 amplius
755 2642 1079 2704 conspiciantur.

476 2731 946 2788 ScHOLioN
1014 2739 1096 2793 11.

311 2832 417 2877 108.
452 2828 614 2890 Neque
642 2843 745 2874 vero
767 2840 868 2890 opus
891 2827 973 2884 est,
989 2843 1040 2876 ut
1055 2832 1346 2897 Qadratum

239 2893 524 2955 deformatum
545 2893 604 2953 sit
635 2896 859 2942 Craticula
887 2898 1076 2960 aequale3
1106 2900 1263 2963 sufficit
1297 2907 1343 2952 in

236 2962 393 3010 areolis
419 2961 651 3024 homologis
673 2960 777 3020 fieri
798 2965 1142 3027 projefilionem..

481 3060 933 3115 ScHoLioN
999 3065 1091 3120 111.

305 3174 413 3211 109.
456 3160 710 3209 Mechanice
738 3165 1072 3228 Anamorphofin
1106 3165 1304 3229 perficies
1324 3201 1348 3222 2

228 3223 265 3284 fi
298 3230 568 3289 Prototypon
595 3244 674 3274 acu
701 3229 799 3277 ‚binc
830 3234 927 3279 inde
949 3232 1224 3296 perfbratum
1241 3253 1340 3282 can-

231 3293 329 3339 delae
355 3307 435 3340 aut
459 3295 650 3357 lampadi
677 3298 847 3354 accensa
878 3312 1061 3362 opponas
1079 3334 1094 3354 ‚
1129 3305 1338 3354 &Punc-

232 3371 278 3406 ta
296 3392 312 3413 ‚
347 3364 391 3410 in
420 3378 507 3428 qua
536 3364 671 3410 Radia·
684 3377 765 3427 per
788 3366 1200 3434 foraminadelapfi
1228 3373 1336 3420 inci-

568 188 1264 250 ELEMENTA
1342 174 2272 249 PERSPECTIVAE;

1461 324 1570 370 dunt
1587 352 1602 374 ,
1637 321 1684 368 in
1705 319 1848 368 Plana
1874 320 1950 368 vel
1979 324 2128 367 Curva
2163 315 2396 383 Superficie
2415 319 2580 382 Imagi-

1462 405 1558 436 nem
1598 387 1889 448 deformatam
1921 400 2155 450 exceptura
2201 398 2338 435 notes.
2408 389 2579 435 Errant

1462 468 1642 507 autem,
1678 456 1754 518 qui
1783 456 1937 503 Radiis
1971 452 2195 501 Solaribus
2233 455 2289 500 ad
2325 453 2402 500 hoc
2435 451 2579 513 artifi-

1463 525 1576 570 cium
1600 533 1788 568 utuntur
1807 553 1822 574 ,
1858 523 1961 584 quia
1990 519 2149 578 bisunt
2173 520 2375 584 paralleli
2393 518 2412 579 (
2429 522 2471 577 §.
2493 534 2576 579 94.

1465 586 1668 650 O‘ptic.)
1705 590 1893 651 adeoque
1928 586 2084 635 nullibi
2117 599 2377 635 concurrunt
2407 605 2421 633 .·
2466 589 2579 651 quod

1464 668 1610 704 tamen
1639 651 1751 712 'fieri
1792 652 1944 717 neceffi’
1983 654 2040 711 est
2075 656 2122 703 in
2156 654 2246 703 loco
2262 685 2285 708 ,ν
2314 651 2397 702 ιιΙπί,
2424 654 2579 703 Oculus

1466 722 1763 774 collocandum,

1715 800 2123 853 SCHOLIO
2154 811 2193 851 N
2238 799 2339 854 I'V.'

1539 892 1560 924 1
1575 892 1593 924 ι
1604 893 1649 924 o.
1665 879 1846 928 Lumine
1863 890 2008 924 tamen
2027 877 2169 924 Solari
2183 880 2396 926 commode
2412 879 2594 927 utimur·

1469 946 1524 993 ad
1553 947 1793 1007 Imaginem
1815 941 2057 1004 formosam
2079 950 2315 1006 Prototypo
2345 949 2446 993 dato
2459 945 2581 1006 fimi-

1469 1013 1553 1060 lem
1576 1014 1622 1059 in
1643 1009 1864 1072 superficie
1890 1027 2140 1075 quacunque
2177 1012 2504 1063 delineandam„
2523 1016 2580 1061 In

1471 1077 1637 1126 Tabula
1655 1078 1820 1138 scilicet
1838 1111 1853 1132 ‚
1874 1080 2002 1142 super
2029 1094 2112 1142 qua
2134 1083 2401 1142 Prototypon
2420 1092 2581 1140 expan-

1462 1146 1557 1205 sum
1581 1159 1658 1194 aut
1682 1146 1867 1194 erestum
1884 1179 1899 1199 ‚
1928 1148 2009 1193 duo
2031 1142 2269 1207 infiguntur
2281 1145 2383 1209 styli
2399 1147 2581 1205 eiusdem

1472 1214 1722 1262 altitudinis
1740 1246 1755 1267 ‚
1777 1212 1814 1272 fi
1842 1215 2037 1276 Ectypon
2068 1217 2308 1275 Prototypo
2328 1211 2582 1278 aequale-effe

1472 1278 1623 1333 debet,
1655 1281 1726 1328 vel
1742 1281 1912 1338 diversa
1927 1282 2001 1342 ,fi
2021 1296 2152 1327 unum
2193 1280 2330 1327 altero
2351 1282 2492 1342 majus
2510 1284 2585 1329 de·-

1466 1347 1686 1409 fideratur
1700 1366 1714 1395 .·
1736 1364 1817 1412 quo
1835 1347 1982 1409 saffo,
2004 1345 2173 1394 Tabula
2185 1347 2273 1394 Soli
2291 1350 2356 1395 ita
2376 1347 2602 1410 objicitur-

1472 1428 1522 1463 ut
1543 1414 1643 1475 fitur
1672 1416 1766 1478 qius
1793 1416 1908 1465 lente
1933 1427 2099 1464 mutato
2132 1412 2298 1462 Umbra
2321 1414 2424 1476 styli
2458 1418 2587 1464 unius

1467 1495 1549 1548 per
1589 1482 1754 1546 singula
1802 1483 2061 1531 lineamenta
2115 1484 2359 1544 Prototypi?
2395 1480 2601 1532 oberret..

1475 1556 1594 1599 Dum
1625 1553 1738 1598 enim
1771 1550 1954 1598 Umbra
1963 1548 2068 1612 styli
2105 1549 2287 1596 alterius
2319 1548 2602 1611 persimiles.

1474 1620 1575 1666 vias
1601 1620 1647 1665 in
1664 1614 1886 1681 superficie
1927 1632 2187 1681 quacumque
2227 1618 2363 1666 eidem
2400 1616 2590 1680 opposita

1476 1687 1639 1735 incedit
1655 1707 1672 1739 ;
1702 1687 1866 1732 notatis
1891 1683 2083 1745 vestigiis
2102 1717 2114 1736 ,
2133 1685 2327 1745 Ectypon
2347 1689 2589 1748 Prototypo

1472 1751 1619 1812 similer
1636 1751 1931 1801 delineabitur¹
1958 1756 2000 1798 Si
2019 1749 2185 1799 Umbra
2214 1750 2401 1814 displicet
2420 1784 2435 1803 ,
2472 1753 2589 1817 apici

1470 1819 1575 1881 styli
1601 1819 1721 1883 affige
1754 1818 1993 1868 orbiculum
2036 1821 2207 1880 exiguo.
2228 1815 2448 1878 foramine
2483 1816 2601 1882 per-¹

1478 1883 1659 1945 tusumg
1704 1900 1760 1938 ut
1801 1890 1969 1937 Radius
2018 1885 2184 1935 lucidus
2226 1885 2444 1938 Penicilli
2465 1889 2598 1938 vices

1469 1954 1693 2015 sustineat.
1707 2002 1709 2004 .

1596 2039 1643 2091 Τ
1669 2049 1705 2087 H
1735 2048 1762 2086 ε
1789 2050 1823 2086 o
1851 2049 1884 2087 R
1913 2048 1939 2087 ε
1968 2051 2009 2090 M
2040 2053 2095 2091 v.
2178 2034 2469 2094 XXXVI..
2642 2055 2713 2105 Ta„

1566 2153 1690 2194 11·1*.
1705 2136 1763 2190 In
1784 2134 2036 2209 superficie
2059 2139 2184 2194 Cani,
2201 2159 2420 2197 convexa
2435 2136 2573 2193 Ana÷
2642 2125 2696 2172 V

1477 2218 1741 2292 morphofin
1765 2220 2009 2289 perficere.-
2601 2189 2696 2255 figi

1743 2307 2297 2367 Βεεοιυτῐα,

1555 2405 1629 2457 Ex
1654 2403 1974 2462 Problemate
2008 2405 2321 2478 praecedente
2358 2400 2466 2459 saris
2492 2422 2597 2478 ap·-

1477 2497 1652 2554 paret,
1696 2501 1801 2536 non
1842 2484 1938 2537 alia
1975 2502 2027 2538 re
2076 2503 2203 2556 opus
2247 2482 2342 2538 effe
2369 2522 2384 2545 ,
2422 2501 2576 2555 quam

1476 2577 1531 2614 ut
1563 2561 1818 2614 Craticula
1844 2562 2022 2636 Estypi
2034 2575 2038 2578 ·
2062 2581 2260 2636 paretur
2283 2563 2329 2618 in
2344 2607 2346 2611 ‚
2359 2560 2590 2633 Supersi-

1475 2639 1551 2693 cie
1579 2639 1747 2703 Coni,
1786 2658 1896 2714 quae
1924 2642 2091 2695 Oculo
2123 2643 2349 2699 Vertici,
2376 2641 2482 2709 ejus
2524 2642 2592 2698 in*

1473 2717 1647 2772 debita
1684 2718 1913 2774 distantia
1949 2722 2161 2777 admoto
2186 2735 2422 2795 appareat
2449 2721 2594 2775 Cra-i

1471 2796 1633 2851 ticulae
1655 2801 1921 2872 Prototypi-
1946 2801 2162 2872 aequaliS.
2248 2803 2437 2873 Igitur..

1477 2890 1525 2933 1.
1568 2875 1693 2933 nafis
1734 2878 1871 2932 Coni
1917 2880 2115 2934 ACBD
2155 2898 2244 2952 per
2279 2880 2569 2935 Diametros
2635 2891 2678 2925 n·

1585 2956 1837 3012 dividatur
1883 2957 1931 3010 in
1978 2961 2204 3013 &diores
2240 2973 2569 3030 quotcunque

1584 3036 1832 3108 aequales,
1871 3038 2151 3110 Peripheria
2179 3055 2360 3108 nempe
2387 3038 2435 3089 in
2460 3053 2586 3112 par*

1581 3129 1656 3168 tes
1688 3132 2019 3188 quotcunque
2046 3116 2259 3188 aequales
2295 3112 2462 3170 divisa.

1466 3203 1519 3250 2,
1561 3191 1749 3250 Radius
1793 3213 1918 3249 unus
1969 3192 2222 3249 dividatur
2262 3211 2472 3267 quoque
2515 3191 2566 3248 in

1576 3272 1772 3344 aliquot
1805 3290 1968 3347 partes
1997 3276 2212 3346 aequales
2249 3277 2300 3328 &
2332 3291 2394 3327 ex
2432 3274 2566 3328 Cen-

1578 3365 1658 3409 tro
1690 3372 1779 3428 per
1813 3352 2000 3428 lingula
2034 3353 2339 3411 divilionum
2378 3353 2567 3406 Fundia

2476 3432 2566 3485 du-
