2698 3769
245 182 361 260 Cap.
399 185 467 244 ῙΙ.
511 190 621 246 DE
664 187 1111 248 CIRCULIS
1152 189 1520 248 SPHAERAE
1563 183 2065 247 MUNDANAE.

244 316 704 373 PRoBLEMA
788 322 888 375 VL

99 411 228 467 142.
285 407 618 463 Altitudinem
667 408 811 464 Stellae
856 409 1112 464 Meridia-

27 503 138 539 nam
169 502 247 557 ope
286 483 555 540 Gnomonis
590 487 848 556 obstrvare.

281 581 325 633 R
352 597 378 634 E
409 599 431 637 s
460 602 493 636 o
522 597 554 635 1.
583 599 618 635 u
650 600 683 635 T
716 599 733 636 1
762 602 813 638 o.

34 667 157 725 1.In
207 664 365 719 Plano
419 667 735 721 Horizontali
788 682 886 739 ope
935 663 1113 718 libellae

141 744 414 796 accuratius
462 745 748 798 construstae
796 758 883 798 aut
932 741 1114 795 canalis

140 838 273 892 aqua
305 820 477 892 repleti
525 818 855 876 determinato
898 820 1114 873 invenia-

134 914 213 952 tur
261 899 413 954 Linea
448 898 725 953 Meridiana
757 899 830 970 (§.
863 898 993 969 120)
1029 911 1113 951 aut

132 994 245 1030 cum
281 977 376 1031 CA
396 994 416 1029 s
439 995 460 1029 s
485 992 501 1029 Ι
524 992 560 1029 Ν
581 993 616 1030 0
655 977 794 1050 super
829 975 994 1029 fulcris
1023 972 1112 1027 suis

133 1054 409 1108 collocetur
432 1056 611 1108 canalis
637 1057 856 1128 ligneus³
889 1054 997 1123 pice
1025 1052 1113 1104 illi-

27 1177 33 1181 .
136 1148 213 1185 tus
246 1136 295 1185 &
338 1150 466 1205 aqua
492 1133 664 1204 plenus
708 1135 829 1194 AB,
865 1130 931 1183 ita
974 1145 1026 1182 ut
1061 1130 1113 1182 li·

134 1228 227 1264 nea
261 1228 346 1282 per
371 1210 588 1264 medium
616 1212 717 1278 ejus
744 1210 891 1263 dueta
919 1208 971 1261 fit
1006 1210 1112 1259 Ho-

135 1289 313 1342 rizonti
344 1288 604 1361 parallela,
643 1306 733 1342 nec
768 1287 908 1341 ullibi
936 1302 1111 1357 margo

137 1365 263 1420 ultra
296 1384 437 1438 aquae
471 1364 767 1438 superficiem
802 1367 1030 1418 emineat.

29 1456 58 1501 2
86 1444 140 1497 In
178 1442 369 1515 fastigic>
416 1444 609 1516 Templi
647 1460 729 1497 aut
773 1443 986 1503 domus,
1031 1441 1111 1494 vel

126 1521 187 1580 *in
228 1523 432 1576 Vertice
476 1520 602 1594 Styli
644 1519 1112 1594 perpendiculariter

135 1600 283 1654 erecti
326 1600 375 1655 C
408 1599 475 1652 ita
521 1597 746 1670 affigatur
789 1598 978 1670 Regula
1019 1599 1111 1650 or?-

133 1678 334 1732 chalcea
370 1677 497 1740 DE,
541 1680 658 1730 οέὶο
695 1676 884 1730 circiter
925 1675 1111 1748 digitos

134 1772 221 1809 aut
262 1752 443 1827 pedem
493 1773 643 1808 unum
689 1755 868 1825 longa,
920 1769 972 1806 ut
1006 1755 1109 1821 ejus

129 1833 263 1887 latus
293 1830 509 1906 superius
533 1833 590 1887 fit
617 1833 885 1888 Horizonti
905 1833 1109 1906 paralle-

132 1911 250 1965 lum.

0 2000 55 2054 Ἰ3
83 1987 156 2044 Ex
192 1987 359 2043 medio
398 1989 448 2044 C
490 1988 774 2043 demittatur
811 1987 948 2042 filum
993 2006 1105 2041 cum

0 2074 1 2081 ’
80 2089 83 2093 ·
131 2065 348 2140 appenso
377 2068 933 2140 pondereF&notetur
951 2069 1105 2120 Punc-

133 2161 240 2200 tum
288 2147 368 2208 G,
418 2146 502 2200 ubi
532 2146 750 2199 canalem
783 2161 867 2199 aut
906 2146 1105 2198 Lineam

131 2224 456 2278 Meridianam
510 2222 765 2278 intersecat
788 2262 803 2286 ,
866 2221 1106 2295 simulque

132 2302 422 2374 exploretur
454 2300 683 2355 distantia
707 2303 870 2373 pundii
903 2302 953 2354 C
981 2299 1007 2354 a
1034 2302 1108 2354 Li-

127 2398 227 2435 nea
258 2379 534 2434 Meridiana
569 2380 649 2433 vel
678 2380 833 2434 canali
857 2380 973 2440 AB,
1011 2380 1110 2432 hoc

136 2459 206 2513 est
258 2456 478 2511 altitudo
533 2458 817 2512 Gnomonis
858 2457 962 2512 CG
1019 2459 1107 2528 (S.

108 2586 111 2589 .
138 2547 266 2599 284.
301 2533 515 2605 Ceam).

18 2628 74 2684 ⁴4.
99 2617 155 2670 In
203 2618 260 2668 M
297 2631 493 2686 aptetur
536 2614 747 2669 Furcula
792 2613 925 2668 ultro
960 2613 1109 2667 citro-

135 2712 236 2765 que
270 2693 471 2746 mobilis
512 2710 625 2745 cum
665 2692 752 2745 filo
794 2692 1110 2760 bombycino

16 2822 17 2840 ¹
134 2771 271 2825 tenui
296 2773 387 2833 IL,
409 2770 473 2824 ad
499 2772 824 2841 Horizontem
850 2770 1108 2842 parallelo.

17 2861 79 2920 is.
104 2846 407 2902 Observetur
445 2849 734 2902 culminatio
773 2848 934 2901 Stellae
968 2850 1001 2901 S
1038 2853 1103 2917 (§.

143 2932 271 2993 134)
312 2932 361 2981 δε
404 2945 524 2979 mox
573 2925 763 2979 furcula
812 2944 1108 2996 promovea-

134 3019 214 3058 tur
252 3021 335 3058 aut
377 3005 688 3066 retrahatur,
733 3003 896 3057 donec
944 3005 1110 3057 Oculo

73 3089 76 3091 ’
135 3082 184 3136 in
220 3087 267 3136 O
300 3083 566 3136 constituto
601 3084 844 3135 Centrum
884 3083 1045 3134 Stellae
1081 3079 1110 3134 ὲ

136 3160 326 3232 Regula
368 3160 464 3212 DE
514 3157 702 3212 bisectae
745 3159 794 3212 in
842 3162 972 3214 reeta
1017 3161 1111 3215 LC

135 3253 385 3308 appareat.

41 3323 78 3371 5.
101 3315 339 3373 Distantia
368 3314 440 3380 fili
465 3315 494 3372 ἐι
518 3314 671 3372 Linea
710 3314 989 3371 Meridiana
1027 3330 1111 3370 aut

2217 187 2251 247 ‚3
2261 190 2333 246 ⁶3*

1345 337 1487 391 aquae
1515 318 1565 372 in
1595 317 1752 371 canali
1782 313 2045 387 stagnantis
2078 308 2328 381 superficie
2390 351 2393 353 >

1345 399 1451 451 ΚΜ
1490 411 1719 450 accurate
1763 388 1979 446 dimensa
2011 387 2324 442 subtrahatur

1345 475 1411 528 ab
1452 474 1711 527 altitudine
1748 468 2031 525 Gnomonis
2074 465 2217 529 GC,
2266 477 2321 519 ut

1348 553 1588 606 habeatur
1628 552 1751 605 CN.

1230 643 1285 698 7.
1316 633 1477 684 Porro
1500 629 1815 700 investigetur
1840 620 2106 696 longitudo
2139 621 2243 677 KN
2269 623 2323 675 &

1341 706 1578 770 tandem,

1231 794 1281 843 8.
1309 788 1385 839 Ex
1419 784 1546 838 datis
1577 784 1624 837 in
1659 780 1935 855 TrIangulo
1970 778 2124 834 CKN
2163 773 2225 830 ad
2263 772 2321 827 N

1344 862 1633 934 rectangulo
1684 861 1904 914 cruribus
1951 861 2053 912 KN
2106 860 2158 910 δε
2211 852 2324 907 NC

1343 942 1619 994 inveniatur
1665 940 1874 1012 angulus
1919 938 2076 992 CKN
2113 932 2198 1003 (§.
2225 943 2320 991 40.

1346 1018 1551 1089 Trigon.
1589 1021 1798 1090 piam),
1841 1015 1927 1087 qui
1972 1014 2061 1068 erit
2102 1008 2319 1064 altitudo

1342 1096 1504 1149 Stellae
1563 1112 1802 1167 apparens
1848 1091 1987 1165 super
2037 1089 2317 1146 Horizonte

1240 1169 1244 1172 ’
1340 1174 1442 1228 ΚΝ
1481 1176 1552 1238 (§.
1588 1188 1711 1242 145.
1741 1170 1945 1246 Olmie).

1402 1312 1978 1367 OBSERVATIO
2040 1314 2140 1367 IX.

1311 1443 1433 1495 143.
1470 1429 1526 1482 Si
1555 1432 1625 1483 ad
1640 1428 1859 1484 umbram
1893 1423 1999 1477 Sole
2032 1430 2212 1478 oriente
2235 1422 2323 1474 vel
2347 1446 2457 1494 Τὼ.
2488 1448 2526 1494 1·

1223 1510 1457 1561 occidente
1478 1506 1639 1577 a‘Stylo
1664 1509 1713 1562 C
1737 1508 1802 1559 ad
1825 1502 2041 1556 Lineam
2064 1503 2314 1555 Meridia·
2348 1514 2527 1575 fig,10,

1223 1608 1336 1639 nam
1373 1588 1465 1639 DE
1494 1587 1881 1658 perpendiculari
1913 1583 2173 1654 prejeciam
2207 1597 2317 1650 quo-

1223 1667 1343 1717 tidie
1370 1666 1629 1719 attendam
1675 1663 1747 1716 bis
1780 1668 1834 1714 in
1872 1680 1999 1713 anno
2037 1659 2231 1711 eandem
2264 1661 2319 1709 in

1221 1741 1594 1810 intersec‘iionem
1621 1729 1880 1793 Verticalis
1890 1741 2123 1809 primarii
2140 1734 2198 1795 ὠ
2211 1731 2317 1786 [ἶσ-

1220 1825 1431 1873 rizoutis
1476 1821 1576 1871 OV
1620 1820 1828 1870 incidere
1872 1817 2116 1868 advertes.
2190 1809 2318 1865 Tum

1220 1915 1378 1950 autem
1417 1913 1598 1967 tempus
1622 1897 1682 1948 ab
1718 1911 1824 1948 ortu
1850 1889 1990 1964 efflue
2009 1894 2077 1944 ad
2109 1892 2320 1959 occafitm

1221 1974 1350 2028 Solis
1376 1972 1862 2044 elapsttm,Hurologio
1888 1973 2171 2042 oscillatorio
2192 1969 2321 2020 indi-

1219 2075 1266 2108 ce
1288 2092 1298 2113 2
1321 2059 1414 2106 erit
1443 2054 1685 2105 duedecim
1704 2049 1954 2104 Horarum
1966 2053 2054 2118 seu
2074 2047 2322 2116 fimidiur-

1219 2152 1353 2184 num.
1413 2129 1569 2183 Tanti
1602 2148 1782 2201 quoque
1818 2132 2038 2198 temporis
2072 2121 2322 2196 deprehen-

1221 2212 1358 2263 ditur
1404 2229 1535 2261 mora
1574 2208 1721 2260 Stella:
1757 2207 1905 2277 supra
1949 2202 2277 2257 Horizontem
2304 2238 2321 2262 ‚

1222 2309 1317 2361 quae
1341 2305 1418 2357 ope
1444 2284 1879 2357 Triangulifilaris
1892 2282 2034 2354 super
2068 2283 2197 2332 linea
2221 2280 2321 2333 OV

1222 2366 1399 2433 extenst
1435 2384 1483 2416 eo
1531 2366 1659 2417 modo
1679 2401 1692 2417 ,
1733 2384 1822 2435 quo
1852 2360 2006 2414 Stellae
2035 2360 2320 2411 culminatio

1222 2443 1501 2513 observatur
1538 2438 1781 2511 (§·134)›
1825 2446 1878 2491 in
1897 2438 2084 2492 Circulo
2105 2434 2322 2489 Vertica-

1223 2526 1259 2573 li
1285 2527 1525 2593 primario
1552 2523 1674 2571 eriri
1706 2517 2089 2591 deprehenditur.
2172 2510 2319 2565 Tales

1224 2597 1377 2651 Stellae
1392 2597 1511 2668 fimi
1536 2596 1753 2668 superior
1776 2602 1829 2647 iu
1859 2596 2047 2664 cingulo
2078 2590 2309 2643 Orionis,

1223 2674 1377 2729 Stella
1402 2681 1574 2746 exigua
1610 2681 1664 2727 iu
1699 2676 1811 2725 collo
1860 2672 2102 2732 Aminei,
2141 2662 2315 2721 Nidus

1218 2755 1437 2827 piscium.

1432 2881 2011 2934 COROLLARIUM
2062 2878 2104 2933 I.

1299 3023 1406 3068 144.
1465 3008 1706 3071 Qioniam
1754 3009 2076 3056 Semicirculus
2124 3007 2318 3057 diurnus*

1225 3074 1341 3121 Solis
1367 3090 1417 3120 ac
1447 3077 1591 3120 Stellae
1620 3089 1832 3136 tempore
1864 3074 2214 3122 Observationis
2250 3074 2312 3123 su·

1228 3155 1309 3203 pra
1328 3141 1637 3194 Horizontem
1663 3140 1913 3197 sensibilem
1937 3141 2083 3188 existit
2104 3141 2185 3199 (ρ’,
2214 3144 2317 3202 56),

1228 3207 1441 3254 Horizon
1467 3206 1681 3253 sensibilis
1710 3211 1762 3255 hr
1790 3224 1871 3268 per
1900 3212 2122 3254 Centrum
2155 3207 2322 3256 Diurni

1229 3273 1402 3321 transit.
1435 3271 1522 3319 Sed
1546 3275 1770 3320 Centrum
1793 3273 1955 3320 Diurni
1984 3272 2044 3319 est
2068 3273 2113 3319 in
2134 3276 2230 3319 Axe
2248 3279 2329 3330 PQ

1230 3340 1316 3399 (5.
1344 3354 1423 3395 44.
1462 3339 1581 3400 56),
1617 3340 1695 3401 qui
1729 3355 1811 3401 per
1846 3342 2069 3387 Centrum
2103 3343 2328 3386 TerraeC

1685 3406 1758 3455 Zz
1797 3422 1820 3450 ι
2175 3406 2332 3456 transit

2345 3052 2457 3100 Tab.
2487 3058 2523 3102 Ι.

2307 3120 2527 3182 .Hg.15.
