2698 3769
208 195 446 274 Cap.VI.
526 196 645 252 DE
710 186 1241 252 TUBIS'SEU
1319 189 2005 248 TELESCOPIIS.

335 331 803 384 Senottow

109 430 210 486 336.
227 425 401 472 Nomen
426 424 525 470 inde
555 421 642 477 esi,
677 422 788 484 quod
817 420 873 466 ad
899 417 1126 481 spec‘iaenda

39 500 221 556 Corpora
251 488 490 541 Terrestria
519 501 682 536 remota
710 484 939 534 adhibetur
958 517 974 538 ‚
1024 489 1126 550 quia

41 558 209 623 Objeeta
230 555 317 617 situ
344 556 480 604 ενεὲἶο
516 554 797 619 repraesentat.

225 650 413 700 PRoss
441 660 641 699 [ΒΜΔ
720 645 933 697 XXIX.

117 751 246 805 237.
284 735 474 791 Tubum
499 738 758 789 ducilitium
791 741 845 787 in
884 732 1013 803 ustam
1041 728 1126 784 Te-

40 818 223 890 lescopii
252 818 530 881 construere.

335 917 380 970 R
408 933 433 969 ε
464 933 485 968 s
513 936 545 966 O
575 930 605 968 L
638 931 674 968 n
705 930 738 966 T
767 929 785 967 1
813 934 863 968 0.

112 1007 167 1059 In
225 1003 586 1057 constructione
635 1001 812 1053 horum
865 1001 1126 1054 Tuborum

39 1081 238 1138 sollicite
265 1082 543 1136 cavendum
569 1080 662 1143 est,
682 1097 742 1132 ne
763 1078 983 1150 pondere
1009 1078 1128 1132 fiant

40 1161 224 1216 molesti
260 1163 311 1213 ὃς
350 1177 411 1212 ne
453 1157 596 1211 facile
641 1157 1042 1227 distorqueantur
1077 1156 1128 1209 fi-

39 1255 140 1295 tum
171 1239 397 1291 Lentium
420 1232 647 1291 eversuri.
693 1235 851 1289 Unde
885 1253 986 1288 non
1018 1235 1124 1307 qui-

41 1318 162 1374 libet
187 1316 320 1371 Tubi
357 1315 405 1370 in
455 1316 683 1388 quolibet
718 1315 826 1367 calu
869 1330 1121 1367 commem

41 1395 230 1451 dantur.

0 1547 1 1555 ,
40 1507 77 1562 Ι.
105 1501 154 1556 Si
174 1501 306 1554 Tubi
339 1499 516 1554 fuerint
546 1498 785 1560 minores,
822 1517 883 1552 ex
911 1496 1126 1552 Laminis

110 1580 295 1634 Ferreis
334 1580 525 1631 Stanno
567 1576 798 1631 obdutstis
841 1593 1073 1648 parantur
1108 1614 1122 1637 ‚

108 1656 273 1711 fistulis
316 1657 535 1729 pluribus
576 1674 667 1727 pro
694 1655 1004 1727 longitudine
1031 1657 1123 1707 Te-

111 1731 304 1807 lescopii
349 1733 434 1788 fibi
476 1734 688 1787 invicem
736 1734 985 1795 immiffiS,
1057 1734 1122 1787 ita

100 1828 191 1873 Aut,
236 1831 326 1876 nec
363 1812 502 1865 nimis
525 1810 665 1865 facile
691 1850 707 1874 ‚
734 1829 824 1865 nec
859 1809 1121 1866 difficulter

111 1891 251 1946 nimis
285 1890 451 1944 diduci
493 1888 683 1961 possint.

36 1973 107 2028 II.
132 1968 325 2040 Quodsi
364 1969 498 2021 Tubi
523 1966 701 2021 fuerint
730 1968 1007 2041 longiores,
1031 1967 1119 2021 mi-

111 2049 242 2103 nime
278 2044 553 2101 consultum
592 2046 688 2107 est,
732 2062 785 2100 ut
815 2065 875 2099 ex
906 2046 1118 2100 Laminis

111 2126 294 2182 Ferreis
320 2141 578 2197 parentur:
614 2124 987 2197 ponderosiores
1008 2142 1118 2178 eva-

109 2206 261 2267 dunt,
291 2221 381 2256 nec
417 2203 684 2256 commode
708 2202 774 2256 de
817 2203 931 2255 loco
960 2205 1007 2257 in
1047 2202 1117 2254 lo-

109 2301 219 2337 cum
246 2278 589 2352 transportari,
621 2298 710 2335 nec
736 2281 799 2334 ad
813 2280 1017 2337 Vilibile
1043 2278 1114 2334 di-

109 2361 199 2434 rigi
229 2358 441 2433 possunt.
525 2359 681 2414 Unde
726 2359 877 2432 aliqui
917 2378 1004 2414 eos
1052 2378 1114 2413 ex

108 2440 299 2494 Charta
366 2434 613 2491 conficere
670 2432 829 2492 solent
883 2437 1017 2492 hunc
1067 2438 1115 2492 in

108 2517 332 2572 modum.

0 2602 9 2670 l
77 2610 124 2654 1.
159 2598 233 2649 Ex
269 2595 407 2667 ligno
451 2588 676 2647 tornetur
700 2586 977 2666 Cylindrus
1003 2591 1113 2666 Lig-

0 2681 5 2699 '
144 2691 264 2728 neus
292 2673 397 2739 ejus
425 2671 743 2744 longitudinis
768 2710 784 2734 ‚
834 2687 1022 2743 quanta
1047 2673 1114 2725 est

143 2752 365 2813 Charta,
392 2767 454 2804 ex
487 2766 587 2822 qua
601 2750 774 2804 Tubus
800 2748 906 2804 fieri
936 2746 1111 2805 debet.

18 2794 22 2906 l
141 2830 396 2883 Diameter
414 2846 534 2881 vero
551 2841 684 2881 tanta
706 2827 759 2880 fit
773 2864 789 2890 ‚
808 2842 991 2900 quanta
1020 2826 1113 2882 effe

0 2908 23 2962 j
138 2907 291 2962 debet
316 2906 561 2962 Cavitatis
592 2905 778 2960 Fistulae
806 2906 1033 2959 minimae.

0 2966 24 3034 *i
72 2996 119 3044 2.
139 2985 388 3059 Cylindro
412 2981 808 3038 circumducatur
831 2984 1022 3040 Charta
1044 2982 1112 3037 ni-

22 3053 25 3080 *
141 3081 229 3137 gra
254 3069 303 3119 δε
342 3062 454 3117 huic
490 3061 827 3134 agglutinetur
861 3063 987 3123 alia,
1020 3058 1112 3113 do-

143 3159 234 3196 nec
266 3142 443 3197 Fistula
482 3137 731 3195 censeatur
780 3138 891 3195 satis
929 3139 1109 3194 firma:

90 3235 91 3239 ’
140 3236 251 3291 quae
283 3219 484 3275 tandem
512 3219 702 3275 Charta
727 3220 941 3275 Turcico
975 3235 1113 3272 more

144 3297 369 3356 colorata
406 3297 704 3356 obducatur.
746 3300 825 3354 Ut
857 3299 1000 3353 citius
1043 3311 1115 3353 at-

2239 201 2344 260 235

1356 338 1456 394 que
1508 316 1827 374 commodius
1884 311 2149 369 istiusmodi
2188 317 2342 371 Fistu-

1357 401 1427 453 las
1458 415 1629 471 parare
1658 393 1841 467 poflis3
1886 394 1995 448 duo
2019 409 2105 449 aut
2151 395 2243 446 tria
2275 394 2346 449 fo-

1358 477 1422 531 lia
1462 479 1510 531 in
1553 473 1687 529 usum
1729 473 1947 527 futurum
1988 470 2127 542 super
2152 473 2345 528 Tabula

1359 554 1772 627 conglutinentur
1812 554 1861 604 &
1899 549 1986 606 sub
2030 549 2173 622 prelo
2210 570 2343 606 com-

1358 630 1511 705 preffa
1545 630 1801 685 ficcentur.

1245 727 1296 779 3.
1323 712 1499 764 Fistula
1545 727 1641 763 una
1676 707 1946 769 exsiccata,
1986 706 2165 761 eodem
2195 705 2340 760 artifi-

1361 789 1439 842 cio
1494 803 1722 860 parentur
1770 786 1915 848 aliae,
1981 789 2033 839 δε
2077 802 2172 837 una
2204 782 2340 855 super

1361 868 1506 920 aliam
1539 865 1885 937 compingatur
1912 902 1928 926 ,
1976 863 2142 916 donec
2171 863 2340 915 diduc-

1357 960 1417 998 tae
1467 945 1736 998 exhibeant
1779 945 1978 997 Tubum
2017 940 2340 1013 longitudinis

1356 1020 1657 1076 desideratae.

1240 1115 1290 1164 4.
1334 1102 1570 1173 Denique
1606 1098 1789 1154 Annuli
1826 1097 1998 1170 Lignei
2044 1095 2337 1151 Tornatoris

1358 1197 1460 1233 arte
1498 1179 1650 1251 parati
1684 1178 1972 1231 Fistularum
1999 1175 2228 1229 extremis
2254 1193 2338 1228 ex-

1356 1257 1619 1312 terioribus
1647 1255 2043 1327 agglutinentur,
2071 1268 2125 1307 ut
2161 1253 2337 1309 Tobus

1355 1335 1545 1390 extrahi
1580 1333 1736 1408 possit.

1237 1435 1357 1489 ΙΙΙ.
1400 1435 1537 1488 Cum
1575 1436 1635 1485 Ti
1656 1432 1707 1485 bi
1744 1429 2014 1485 Chartacei
2054 1427 2105 1483 id
2151 1429 2338 1484 incom.

1354 1512 1493 1566 modi
1541 1512 1759 1564 habeant
1782 1547 1796 1572 ,
1834 1526 1915 1570 ut,
1958 1508 1989 1561 fi
2018 1508 2195 1561 ductus
2230 1508 2336 1561 fue-

1352 1592 1448 1646 rint
1494 1589 1726 1662 angusti,
1781 1587 2072 1658 tempestate
2116 1586 2333 1640 humida

1351 1669 1480 1723 adeo
1508 1669 1845 1727 coaretentur,
1876 1681 1929 1717 ut
1968 1666 2053 1717 vix
2075 1682 2133 1717 ac
2158 1682 2220 1718 ne
2248 1665 2333 1717 vix

1353 1747 1559 1820 quidem
1615 1744 1805 1802 extrahi
1848 1741 2062 1814 poffint5
2127 1741 2160 1794 fi
2210 1760 2333 1796 vero

1351 1826 1528 1879 duCtus
1562 1823 1678 1877 fiant
1720 1819 1828 1875 satis
1868 1821 2001 1882 laxi,
2032 1821 2325 1891 tempestate

1348 1902 1474 1957 ficca
1508 1903 1648 1956 nimis
1683 1900 2004 1972 amplientur,
2033 1895 2330 1970 consequen-

1348 1997 1425 2036 ter
1471 1981 1518 2035 in
1563 1996 1777 2052 utroque
1814 1973 1925 2031 casu
1964 1975 2076 2029 fitus
2097 1977 2326 2031 Lentium

1344 2059 1489 2114 facile
1523 2058 1859 2130 depravetur5
1907 2071 2137 2128 praeterea
2174 2053 2325 2108 iidem

1345 2138 1490 2193 facile
1538 2137 1938 2208 distorqueamur
1979 2132 2322 2204 damnumque

1346 2217 1621 2289 patiantur3
1643 2215 1882 2287 optimam
1897 2212 2157 2265 Tuborum
2183 2210 2321 2264 cons-

1343 2290 1673 2350 truendorum
1733 2292 1974 2347 rationem
2029 2289 2155 2344 hanc
2219 2305 2319 2362 ego

1344 2373 1530 2442 judico,

1234 2481 1280 2523 Ι.
1316 2461 1570 2535 Cylindro
1597 2463 1790 2534 Ligneo
1824 2462 2120 2515 Membrana
2156 2457 2316 2512 tenuis

1341 2545 1363 2615 (
1386 2548 1738 2615 pergamenam
1766 2541 1918 2613 vulgo
1953 2541 2203 2604 vocant),
2231 2536 2317 2590 cir-

1341 2623 1666 2677 cumducatur
1706 2621 1756 2670 &
1798 2617 2167 2689 conglutinetur
2196 2653 2210 2671 ‚
2256 2629 2318 2666 ne

1345 2696 1630 2773 pulvisculis
1659 2695 1847 2751 detritis
1869 2698 2050 2749 Lentes
2075 2692 2321 2747 maculen-

1343 2794 1436 2833 tur.
1502 2778 1674 2848 Sitque
1700 2775 1997 2829 Membrana
2042 2771 2126 2825 ista
2163 2770 2322 2842 nigre-

1346 2854 1464 2909 dine
1486 2853 1692 2908 infecta.
1729 2872 1791 2907 ne
1818 2852 1960 2906 Radii
1994 2847 2164 2904 reflexi
2199 2865 2321 2903 con-

1343 2934 1581 2992 fufionem
1610 2932 1832 3002 aliquam
1867 2930 2073 3003 pariant.

1228 3026 1281 3072 2.
1318 3015 1394 3067 Ex
1417 3013 1580 3084 Ligno
1605 3010 1794 3082 Fagino
1828 3023 2062 3082 parentur
2100 3000 2319 3059 afferculi
2357 3028 2362 3032 ·

1340 3086 1618 3145 admodum
1652 3102 1826 3143 tenues
1851 3092 1903 3142 ὃς
1935 3086 1981 3139 in
2015 3080 2317 3156 Cylindr·„·m

1343 3167 1530 3224 curvati
1551 3167 1857 3223 Membranae
1878 3183 1991 3221 cum
2017 3178 2130 3218 cura
2147 3158 2321 3232 agglur¹

1342 3261 1578 3306 tinentur.

1677 3376 1776 3445 Gg
1841 3384 1870 3429 2
2178 3361 2320 3429 &Fi-J
