2698 3769
240 180 460 258 eapstl.
503 180 613 240 DE
666 172 962 237 GLOBO
1014 174 1463 238 COELESTI
1521 176 2100 238 ARTIFICIALL

341 316 753 366 PRoBLEMA
816 312 875 365 L.

142 419 168 473 3
181 419 207 464 2
225 420 266 473 ς.
301 405 524 459 Invenire
538 408 850 459 altitudinem
865 402 991 456 Solis
1007 417 1151 474 atque

60 485 210 540 Stellae
255 487 321 536 ad
357 486 524 536 datam
560 503 890 556 quamcunque
938 482 1035 533 diei
1070 480 1156 531 vel

59 567 208 619 noi't'is
241 562 424 614 horam.

351 641 392 692 R
420 654 445 691 E
477 653 497 690 s
528 657 560 690 o
586 654 617 690 L
647 653 682 689 U
714 657 744 692 T
775 653 791 693 1
820 656 869 690 0.

66 734 112 776 1.
138 717 339 771 Globus
388 718 475 769 rite
521 733 849 787 componatur
899 712 960 766 ad
1009 708 1150 764 fitum

174 795 315 849 Coeli
352 793 431 861 (S.
453 795 595 861 316)
628 798 676 845 &
706 808 956 848 vertatur,
985 789 1151 844 donec

172 873 326 926 Index
342 872 561 924 horarius
576 874 746 924 horam
766 871 931 926 datam
950 869 1148 922 indicet.

61 960 111 1009 2.
139 952 192 1005 In
228 952 384 1023 gradu
414 950 736 1022 nonagelimo
768 950 832 1002 ab
871 950 1150 1003 Horizonte

170 1044 429 1082 numerato
475 1030 538 1081 ad
583 1029 914 1081 Meridianum
957 1041 1149 1096 aptetur

168 1107 433 1177 Qadrans
458 1106 725 1159 altitudinis
747 1111 795 1159 δε
823 1108 946 1159 circa
967 1104 1148 1158 Axicu-

166 1184 271 1237 lum
309 1183 442 1237 suum
473 1199 720 1241 vertatur,
750 1185 912 1237 donec
937 1182 1147 1255 gradum

165 1261 442 1332 Eclipticae,
473 1265 519 1315 in
556 1280 660 1333 quo
700 1263 786 1314 Sol
836 1263 1010 1323 haeret,
1065 1275 1148 1313 aut

164 1338 367 1395 Stellam
397 1343 562 1394 datam
586 1343 809 1411 attingat.
840 1342 1002 1394 Arcus
1018 1339 1146 1392 enim

164 1417 288 1471 inter
305 1414 455 1489 ipsam
482 1423 531 1471 &
559 1420 887 1472 Horizontem
912 1419 1148 1488 intercep—

10 1551 11 1566 χ
167 1511 244 1549 tus
268 1498 334 1548 est
352 1497 561 1550 altitudo
587 1495 777 1569 quaefita
802 1496 994 1566 (§.73).

10 1570 14 1646 '1
293 1577 728 1629 PaossLEMA
816 1577 912 1629 LI.

133 1659 259 1717 356.
313 1652 450 1705 Data
490 1654 617 1706 Solis
665 1656 930 1707 altitudine
971 1654 1146 1705 diurna

0 1770 6 1784 .
54 1735 137 1780 vel
184 1728 336 1783 Stellae
363 1735 597 1786 noilurna
623 1752 636 1789 3
671 1738 896 1787 invenire
925 1738 1146 1803 temporis

5 1831 12 1854 ι
54 1826 355 1863 momentum.

345 1888 386 1941 R
414 1904 439 1941 E
471 1904 492 1940 s
518 1908 550 1940 o
578 1904 610 1942 L
643 1904 677 1941 U
705 1904 738 1940 T
770 1904 787 1945 1
816 1906 867 1941 0.

64 1975 108 2019 1.
134 1961 334 2018 Globus
361 1966 423 2019 ad
449 1966 583 2020 litum
604 1967 741 2021 Coeli
769 1969 856 2020 rite
877 1981 1148 2036 compona—

173 2058 279 2106 tur,
302 2049 350 2098 &
378 2045 640 2115 Qadrans
674 2044 974 2107 altitudiniS,
1013 2060 1065 2097 ut
1101 2043 1148 2095 in

175 2124 497 2177 Problemate
521 2121 859 2196 praecedente,
902 2124 964 2178 ad
994 2125 1147 2179 Meri-

173 2199 374 2254 dianum
410 2217 626 2274 aptetur.

64 2288 116 2334 2.
142 2278 340 2333 Globus
381 2281 507 2334 circa
553 2283 715 2335 Axem
757 2277 891 2334 suum
921 2285 969 2336 &
1010 2285 1149 2356 Qa-

173 2358 321 2411 drans
341 2359 612 2412 altitudinis
626 2361 752 2412 circa
766 2360 1030 2414 Axiculum
1050 2380 1155 2414 ver-

173 2451 323 2500 tatur,
341 2437 503 2491 donec
526 2439 677 2492 Stella
699 2437 776 2492 vel
794 2436 976 2511 gradus
997 2439 1155 2511 Eclip-

172 2514 280 2567 ticae
296 2554 309 2578 ,
329 2516 376 2568 in
396 2534 501 2588 quo
521 2517 608 2571 Sol
625 2517 790 2574 haeret‚
808 2518 1154 2591 Qadrantem

172 2591 221 2644 in
243 2592 365 2647 dato
391 2592 552 2666 gradu
572 2597 797 2668 attingat.

0 2712 4 2721 .
48 2653 217 2775 ,Tndex
251 2672 476 2725 horarius
513 2689 616 2726 tum
657 2675 897 2746 temporis
935 2693 1154 2730 momen-

173 2765 279 2804 tum
310 2750 565 2822 quaefitum
588 2754 898 2806 monstrabit.

39 2779 58 2873 l
287 2833 742 2884 PROBLEMA
807 2832 935 2885 [ΙΙ.

57 2885 61 2976 l
141 2921 266 2976 327.
297 2909 428 2962 Dato
453 2909 726 2963 Ammatha
745 2908 870 2963 sotis
890 2910 1154 2970 vastem

49 2989 285 3041 *invenire
314 2994 536 3057 temporis
571 3004 874 3042 momentum.

343 3067 384 3120 R
410 3081 436 3117 E
467 3082 487 3117 s
515 3085 548 3119 o
579 3081 609 3118 L
642 3083 675 3118 υ
704 3084 740 3118 T
769 3081 785 3118 1
818 3085 873 3122 o.

42 3124 118 3198 ³¹1.
143 3141 341 3195 Globus
367 3145 431 3197 ad
460 3143 597 3197 fitum
616 3144 756 3200 Coeli
777 3145 865 3198 rite
890 3163 1158 3219 compona-

129 3229 138 3233 ’
177 3235 258 3273 tur
294 3225 345 3275 &
372 3220 641 3290 Quadrans
682 3222 986 3288 altitudinis,
1019 3243 1070 3279 ut
1108 3227 1155 3280 in

179 3299 346 3353 Probl.
376 3318 474 3368 50,
506 3301 566 3354 ad
585 3300 914 3356 Meridianum
940 3320 1154 3377 aptetur.

108 3386 116 3407 '¹
137 3391 293 3470 Wolfia
319 3395 455 3468 Oper.
472 3393 730 3451 Mathem.
746 3396 892 3452 Tom.
912 3397 1005 3452 111.

2254 196 2371 246 4or

1275 322 1324 370 2.
1355 309 1622 380 Quadrans
1664 307 1934 364 altitudinis
1976 323 2194 362 vertatur
2240 309 2368 366 circa

1390 390 1652 443 Axiculum
1679 384 1815 440 suum
1835 427 1847 448 ,
1869 387 2031 440 donec
2059 388 2104 438 in
2120 389 2370 442 Horizon-

1387 482 1436 520 te
1456 466 1774 520 Azimutlium
1803 464 2055 536 quaefitum
2070 464 2291 519 definiat.

1276 557 1321 608 3.
1353 547 1586 599 Vertatur
1619 543 1849 607 GlobuS,
1880 540 2044 597 donec
2071 543 2221 597 Stella
2246 561 2367 598 eun·

1389 619 1502 674 dem
1532 621 1757 691 attingat.

1269 698 1422 751 Index
1448 700 1668 752 horarius
1695 697 1934 771 temporis
1965 713 2273 752 momentum
2298 698 2376 753 in-‘

1270 774 1474 830 dicabit.

1460 856 1935 907 PROBLEMA
2019 854 2184 907 [ΙΙΙ.

1353 942 1482 998 328.
1521 933 1656 986 Data
1682 937 1950 986 elevatione
1965 932 2075 985 Poli
2090 955 2106 990 2·
2136 927 2372 1001 ostendere

1270 1032 1478 1083 quonam
1502 1011 1654 1063 Stellae
1667 1032 1913 1083 nunquam
1934 1012 2168 1073 occident,
2185 1010 2242 1068 ὠ
2256 1031 2370 1082 qim·

1270 1110 1383 1142 nam
1416 1110 1662 1160 nunquam
1680 1097 1925 1144 oriantur.

1554 1179 1597 1231 R
1628 1194 1651 1229 Ε
1683 1194 1702 1229 s
1732 1195 1763 1227 o
1793 1193 1822 1229 L
1858 1195 1889 1229 u
1927 1194 1959 1228 T
1992 1191 2010 1232 1
2040 1194 2092 1229 ο.

1280 1275 1323 1316 1.
1350 1255 1511 1311 Globi
1533 1256 1681 1309 Polus
1707 1255 1930 1308 elevetur
1961 1253 2098 1324 supra
2120 1252 2371 1308 Horizon-

1388 1352 1486 1388 tem
1507 1334 1722 1406 ligneum
1748 1349 1824 1385 tot
1849 1329 2083 1404 gradibus
2100 1370 2115 1396 ,
2138 1331 2372 1404 quotele<

1389 1414 1525 1466 vatio
1552 1413 1656 1465 Poll
1678 1410 1791 1464 data
1818 1412 1991 1463 existit.

1273 1507 1324 1552 2.
1361 1491 1560 1545 Globus
1592 1489 2014 1543 circumvolvatur
2057 1491 2107 1541 δε
2141 1502 2372 1541 notentur

1384 1569 1574 1630 Stellae,
1603 1587 1712 1640 quae
1733 1569 1779 1620 in
1814 1567 2097 1620 Meridiano
2123 1562 2371 1636 superiore

1385 1648 1462 1701 bis
1491 1644 1880 1719 conspiciuntur,
1909 1650 1958 1699 δε
1984 1663 2092 1718 quae
2111 1644 2158 1697 in
2182 1661 2368 1698 eonon

1388 1741 1693 1797 comparent.

1266 1807 1364 1861 11!ae
1411 1806 1636 1858 nimirum
1683 1819 1935 1874 nunquam
1981 1794 2218 1855 occidunt
2237 1836 2252 1862 ,
2288 1799 2364 1854 hae

1268 1892 1521 1958 uunquam
1548 1882 1786 1934 oriuntur.

1511 1962 1694 2012 Paoss
1723 1975 1860 2011 LEM
1888 1974 1916 2009 A
1979 1958 2139 2012 LIV.

1351 2051 1475 2107 329.
1525 2038 1753 2091 Invenire
1778 2039 2102 2090 intervallum
2142 2040 2364 2107 temporis

1266 2127 1395 2175 inter
1414 2128 1547 2170 ortus
1577 2119 1783 2169 dotorum
1807 2115 2070 2168 Stellarum
2092 2116 2177 2168 vel
2199 2109 2364 2167 caium

1267 2201 1638 2253 culminationes
1663 2201 1994 2267 interceptum.

1550 2303 1590 2354 R
1618 2317 1643 2353 E
1676 2317 1696 2352 s
1726 2319 1757 2351 o
1788 2315 1818 2351 L
1850 2314 1882 2351 υ
1913 2316 1944 2350 T
1975 2315 1990 2352 1
2020 2317 2070 2352 0.

1276 2398 1319 2440 1.
1349 2379 1579 2437 Elevetur
1594 2380 1748 2433 Globi
1763 2378 1913 2431 Polus
1940 2392 1990 2430 ut
2015 2377 2061 2430 in
2081 2371 2369 2430 Problemata

1386 2475 1435 2512 te
1472 2457 1776 2531 praecedente
1806 2455 2036 2525 (§.328).

1274 2552 1318 2597 2.
1351 2538 1576 2590 Ducatur
1598 2537 1748 2589 Stella
1772 2536 1925 2606 prima
1953 2533 2015 2586 ad
2039 2530 2371 2584 Horizontem

1387 2630 1690 2685 noteturque
1740 2612 1979 2682 temporis
2018 2624 2358 2669 momentum,

1388 2693 1529 2765 quod
1557 2693 1792 2744 monstrat
1814 2690 1960 2743 Index
1981 2687 2217 2740 horarius.

1275 2784 1322 2835 3.
1346 2776 1573 2828 Ducatur
1601 2769 1754 2822 Stella
1773 2768 1925 2820 altera
1952 2766 2164 2819 similiter
2183 2763 2246 2817 ad
2265 2767 2370 2817 ΗΟ,

1389 2852 1629 2904 rizontem
1656 2853 1705 2901 &
1733 2860 1933 2900 notetur
1954 2842 2370 2914 denuotemporis

1388 2944 1729 2990 momentum,
1776 2923 1918 2998 quod
1954 2921 2111 2977 Index
2147 2921 2368 2974 horarius

1389 3005 1617 3060 ostendit.

1272 3098 1326 3147 4.
1353 3090 1570 3156 Tempus
1595 3081 1726 3155 prius
1753 3078 2053 3135 subducatur
2077 3076 2104 3130 ὲ
2133 3071 2370 3149 posterio-
2407 3107 2410 3109 ‡

1391 3165 1454 3220 ri,
1482 3160 1621 3234 quo‘d
1641 3160 1953 3232 relinquitur,
1971 3157 2038 3210 est
2060 3152 2369 3207 intervallum

1393 3243 1517 3296 inter
1541 3255 1676 3295 ortus
1701 3236 1911 3294 duarum
1941 3233 2203 3290 Stellarum
2228 3232 2370 3283 inter-

1391 3336 1608 3393 ceptum.

1794 3397 1918 3450 Eee
2188 3388 2371 3455 §.Non
