<?xml version="1.0" encoding="UTF-8"?>
<!DOCTYPE html PUBLIC "-//W3C//DTD XHTML 1.0 Transitional//EN"
    "http://www.w3.org/TR/xhtml1/DTD/xhtml1-transitional.dtd">
<html xmlns="http://www.w3.org/1999/xhtml" xml:lang="en" lang="en">
 <head>
  <title>
</title>
<meta http-equiv="Content-Type" content="text/html;charset=utf-8" />
  <meta name='ocr-system' content='tesseract 3.04.00' />
  <meta name='ocr-capabilities' content='ocr_page ocr_carea ocr_par ocr_line ocrx_word'/>
</head>
<body>
  <div class='ocr_page' id='page_1' title='image "./elementamatheseo03wolf_0106.png"; bbox 0 0 2713 3769; ppageno 0'>
   <div class='ocr_carea' id='block_1_1' title="bbox 319 205 2415 276">
    <p class='ocr_par' dir='ltr' id='par_1_1' title="bbox 319 205 2415 276">
     <span class='ocr_line' id='line_1_1' title="bbox 319 205 2415 276; baseline 0 -9"><span class='ocrx_word' id='word_1_1' title='bbox 319 215 392 276; x_wconf 81' lang='lat'>78</span> <span class='ocrx_word' id='word_1_2' title='bbox 647 205 1317 264; x_wconf 82' lang='lat' dir='ltr'>ELEMENTA</span> <span class='ocrx_word' id='word_1_3' title='bbox 1419 209 2415 271; x_wconf 78' lang='lat' dir='ltr'><strong>PERSPECTIVAE.&#39;</strong></span> 
     </span>
    </p>
   </div>
   <div class='ocr_carea' id='block_1_2' title="bbox 291 334 2631 2200">
    <p class='ocr_par' dir='ltr' id='par_1_2' title="bbox 291 334 2631 2200">
     <span class='ocr_line' id='line_1_2' title="bbox 321 334 2631 436; baseline 0.003 -31"><span class='ocrx_word' id='word_1_4' title='bbox 321 334 714 408; x_wconf 71' lang='lat' dir='ltr'>delineandis</span> <span class='ocrx_word' id='word_1_5' title='bbox 795 364 995 407; x_wconf 87' lang='lat' dir='ltr'>omne</span> <span class='ocrx_word' id='word_1_6' title='bbox 1060 339 1178 408; x_wconf 86' lang='lat' dir='ltr'>fert</span> <span class='ocrx_word' id='word_1_7' title='bbox 1239 343 1577 432; x_wconf 64' lang='lat' dir='ltr'>punctum.</span> <span class='ocrx_word' id='word_1_8' title='bbox 1709 345 1915 436; x_wconf 80' lang='lat' dir='ltr'>Juvat</span> <span class='ocrx_word' id='word_1_9' title='bbox 1966 341 2160 414; x_wconf 89' lang='lat' dir='ltr'>etiam</span> <span class='ocrx_word' id='word_1_10' title='bbox 2209 338 2631 436; x_wconf 81' lang='lat' dir='ltr'>Philosophos</span> 
     </span>
     <span class='ocr_line' id='line_1_3' title="bbox 320 441 2624 544; baseline 0.001 -31"><span class='ocrx_word' id='word_1_11' title='bbox 320 441 454 536; x_wconf 77' lang='lat' dir='ltr'>ejus</span> <span class='ocrx_word' id='word_1_12' title='bbox 498 441 830 540; x_wconf 80' lang='lat' dir='ltr'><strong>cognitio:</strong></span> <span class='ocrx_word' id='word_1_13' title='bbox 888 467 1043 510; x_wconf 90' lang='lat' dir='ltr'>cum</span> <span class='ocrx_word' id='word_1_14' title='bbox 1087 442 1261 510; x_wconf 87' lang='lat' dir='ltr'>enim</span> <span class='ocrx_word' id='word_1_15' title='bbox 1310 469 1541 511; x_wconf 84' lang='lat' dir='ltr'>eorum</span> <span class='ocrx_word' id='word_1_16' title='bbox 1604 443 1712 518; x_wconf 85' lang='lat' dir='ltr'>fit,</span> <span class='ocrx_word' id='word_1_17' title='bbox 1761 442 2151 537; x_wconf 83' lang='lat' dir='ltr'>poffi&#39;oilium</span> <span class='ocrx_word' id='word_1_18' title='bbox 2213 445 2624 544; x_wconf 81' lang='lat' dir='ltr'>pervestigare</span> 
     </span>
     <span class='ocr_line' id='line_1_4' title="bbox 317 543 2625 644; baseline 0.002 -32"><span class='ocrx_word' id='word_1_19' title='bbox 317 545 642 624; x_wconf 78' lang='lat' dir='ltr'>rationes,-</span> <span class='ocrx_word' id='word_1_20' title='bbox 703 569 839 613; x_wconf 88' lang='lat' dir='ltr'>non</span> <span class='ocrx_word' id='word_1_21' title='bbox 883 543 1008 614; x_wconf 80' lang='lat' dir='ltr'>fine</span> <span class='ocrx_word' id='word_1_22' title='bbox 1061 543 1283 641; x_wconf 82' lang='lat' dir='ltr'>inligni</span> <span class='ocrx_word' id='word_1_23' title='bbox 1331 544 1659 634; x_wconf 86' lang='lat' dir='ltr'>voluptate</span> <span class='ocrx_word' id='word_1_24' title='bbox 1708 547 2109 644; x_wconf 88' lang='lat' dir='ltr'>cognoscunt</span> <span class='ocrx_word' id='word_1_25' title='bbox 2136 600 2152 625; x_wconf 91' lang='lat'>,</span> <span class='ocrx_word' id='word_1_26' title='bbox 2212 574 2321 619; x_wconf 90' lang='lat' dir='ltr'>cur</span> <span class='ocrx_word' id='word_1_27' title='bbox 2363 553 2433 617; x_wconf 69' lang='grc' dir='ltr'>ὃ(</span> <span class='ocrx_word' id='word_1_28' title='bbox 2463 568 2625 644; x_wconf 86' lang='lat' dir='ltr'>quo-</span> 
     </span>
     <span class='ocr_line' id='line_1_5' title="bbox 314 643 2624 747; baseline 0.001 -29"><span class='ocrx_word' id='word_1_29' title='bbox 314 649 530 719; x_wconf 85' lang='lat' dir='ltr'>modo</span> <span class='ocrx_word' id='word_1_30' title='bbox 570 648 698 719; x_wconf 85' lang='lat' dir='ltr'>fieri</span> <span class='ocrx_word' id='word_1_31' title='bbox 749 646 981 743; x_wconf 60' lang='lat' dir='ltr'>possa,</span> <span class='ocrx_word' id='word_1_32' title='bbox 1033 672 1103 717; x_wconf 91' lang='lat' dir='ltr'>ut</span> <span class='ocrx_word' id='word_1_33' title='bbox 1151 643 1328 717; x_wconf 89' lang='lat' dir='ltr'>Radii</span> <span class='ocrx_word' id='word_1_34' title='bbox 1375 643 1696 719; x_wconf 77' lang='lat' dir='ltr'>aTabula</span> <span class='ocrx_word' id='word_1_35' title='bbox 1753 649 1960 719; x_wconf 81' lang='lat' dir='ltr'>reflexi</span> <span class='ocrx_word' id='word_1_36' title='bbox 2011 651 2279 745; x_wconf 86' lang='lat' dir='ltr'>speciem</span> <span class='ocrx_word' id='word_1_37' title='bbox 2328 649 2624 747; x_wconf 69' lang='lat' dir='ltr'>objesti,</span> 
     </span>
     <span class='ocr_line' id='line_1_6' title="bbox 312 748 2630 851; baseline 0 -29"><span class='ocrx_word' id='word_1_38' title='bbox 312 748 520 849; x_wconf 69' lang='lat' dir='ltr'>qualis</span> <span class='ocrx_word' id='word_1_39' title='bbox 569 752 635 822; x_wconf 88' lang='lat' dir='ltr'>in</span> <span class='ocrx_word' id='word_1_40' title='bbox 686 752 831 822; x_wconf 90' lang='lat' dir='ltr'>data</span> <span class='ocrx_word' id='word_1_41' title='bbox 873 750 1159 822; x_wconf 90' lang='lat' dir='ltr'>distantia</span> <span class='ocrx_word' id='word_1_42' title='bbox 1209 776 1403 848; x_wconf 86' lang='lat' dir='ltr'>atque</span> <span class='ocrx_word' id='word_1_43' title='bbox 1454 750 1788 822; x_wconf 83' lang='lat' dir='ltr'>altitudine</span> <span class='ocrx_word' id='word_1_44' title='bbox 1832 752 2027 824; x_wconf 81' lang='lat' dir='ltr'>Oculi</span> <span class='ocrx_word' id='word_1_45' title='bbox 2073 755 2630 851; x_wconf 57' lang='lat' dir='ltr'>apparetrseeu‘m</span> 
     </span>
     <span class='ocr_line' id='line_1_7' title="bbox 310 851 2630 955; baseline -0 -29"><span class='ocrx_word' id='word_1_46' title='bbox 310 855 396 926; x_wconf 87' lang='lat' dir='ltr'>ad</span> <span class='ocrx_word' id='word_1_47' title='bbox 456 855 745 926; x_wconf 83' lang='lat' dir='ltr'>Oculum</span> <span class='ocrx_word' id='word_1_48' title='bbox 797 851 1077 927; x_wconf 78' lang='lat' dir='ltr'>afferant.</span> <span class='ocrx_word' id='word_1_49' title='bbox 1188 861 1352 925; x_wconf 91' lang='lat' dir='ltr'>Non</span> <span class='ocrx_word' id='word_1_50' title='bbox 1397 853 1587 950; x_wconf 88' lang='lat' dir='ltr'>igitur</span> <span class='ocrx_word' id='word_1_51' title='bbox 1625 856 1789 926; x_wconf 82' lang='lat' dir='ltr'>mihi</span> <span class='ocrx_word' id='word_1_52' title='bbox 1846 855 2126 929; x_wconf 79' lang='lat' dir='ltr'>suffecit,</span> <span class='ocrx_word' id='word_1_53' title='bbox 2179 855 2449 955; x_wconf 88' lang='lat' dir='ltr'>Regulas</span> <span class='ocrx_word' id='word_1_54' title='bbox 2498 863 2630 927; x_wconf 84' lang='lat' dir='ltr'>Per-</span> 
     </span>
     <span class='ocr_line' id='line_1_8' title="bbox 314 953 2629 1056; baseline -0.001 -28"><span class='ocrx_word' id='word_1_55' title='bbox 314 957 607 1053; x_wconf 67' lang='lat' dir='ltr'>spectivae</span> <span class='ocrx_word' id='word_1_56' title='bbox 642 953 989 1048; x_wconf 76' lang='lat' dir='ltr'>tradidisse3</span> <span class='ocrx_word' id='word_1_57' title='bbox 1045 959 1146 1028; x_wconf 83' lang='lat' dir='ltr'>sed</span> <span class='ocrx_word' id='word_1_58' title='bbox 1189 984 1411 1028; x_wconf 90' lang='lat' dir='ltr'>earum</span> <span class='ocrx_word' id='word_1_59' title='bbox 1457 984 1727 1056; x_wconf 82' lang='lat' dir='ltr'>quoque</span> <span class='ocrx_word' id='word_1_60' title='bbox 1756 960 2347 1031; x_wconf 88' lang='lat' dir='ltr'>Demonstrationes</span> <span class='ocrx_word' id='word_1_61' title='bbox 2388 958 2629 1034; x_wconf 81' lang='lat' dir='ltr'>adchdi,</span> 
     </span>
     <span class='ocr_line' id='line_1_9' title="bbox 313 1060 2629 1162; baseline -0 -31"><span class='ocrx_word' id='word_1_62' title='bbox 313 1087 388 1133; x_wconf 87' lang='lat' dir='ltr'>ut</span> <span class='ocrx_word' id='word_1_63' title='bbox 442 1088 577 1134; x_wconf 90' lang='lat' dir='ltr'>tam</span> <span class='ocrx_word' id='word_1_64' title='bbox 635 1064 706 1135; x_wconf 90' lang='lat' dir='ltr'>iis</span> <span class='ocrx_word' id='word_1_65' title='bbox 761 1064 1186 1134; x_wconf 81' lang='lat' dir='ltr'>satisfacerem</span> <span class='ocrx_word' id='word_1_66' title='bbox 1220 1114 1236 1138; x_wconf 92' lang='lat'>‚</span> <span class='ocrx_word' id='word_1_67' title='bbox 1293 1061 1528 1159; x_wconf 83' lang='lat' dir='ltr'>quibus</span> <span class='ocrx_word' id='word_1_68' title='bbox 1587 1079 1702 1134; x_wconf 80' lang='lat' dir='ltr'>Ars</span> <span class='ocrx_word' id='word_1_69' title='bbox 1757 1060 2140 1134; x_wconf 90' lang='lat' dir='ltr'>Delineandi</span> <span class='ocrx_word' id='word_1_70' title='bbox 2194 1090 2266 1135; x_wconf 92' lang='lat' dir='ltr'>ac</span> <span class='ocrx_word' id='word_1_71' title='bbox 2322 1060 2629 1162; x_wconf 84' lang='lat' dir='ltr'>Pingendi</span> 
     </span>
     <span class='ocr_line' id='line_1_10' title="bbox 313 1165 2627 1265; baseline -0.001 -28"><span class='ocrx_word' id='word_1_72' title='bbox 313 1193 480 1239; x_wconf 83' lang='lat' dir='ltr'>curae</span> <span class='ocrx_word' id='word_1_73' title='bbox 520 1168 834 1265; x_wconf 82' lang='lat' dir='ltr'>cordique</span> <span class='ocrx_word' id='word_1_74' title='bbox 875 1166 1071 1238; x_wconf 86' lang='lat' dir='ltr'>existit</span> <span class='ocrx_word' id='word_1_75' title='bbox 1103 1210 1120 1240; x_wconf 65' lang='lat'><em>2</em></span> <span class='ocrx_word' id='word_1_76' title='bbox 1177 1192 1380 1264; x_wconf 89' lang='lat' dir='ltr'>quam</span> <span class='ocrx_word' id='word_1_77' title='bbox 1422 1165 1576 1241; x_wconf 86' lang='lat' dir='ltr'>illis,</span> <span class='ocrx_word' id='word_1_78' title='bbox 1643 1166 1752 1262; x_wconf 85' lang='lat' dir='ltr'>qui</span> <span class='ocrx_word' id='word_1_79' title='bbox 1789 1166 2335 1261; x_wconf 85' lang='lat' dir='ltr'>Philosophantur.</span> <span class='ocrx_word' id='word_1_80' title='bbox 2396 1173 2627 1235; x_wconf 86' lang='lat' dir='ltr'>Exem-</span> 
     </span>
     <span class='ocr_line' id='line_1_11' title="bbox 309 1269 2623 1368; baseline -0.001 -27"><span class='ocrx_word' id='word_1_81' title='bbox 309 1270 415 1367; x_wconf 87' lang='lat' dir='ltr'>pla</span> <span class='ocrx_word' id='word_1_82' title='bbox 466 1296 664 1367; x_wconf 87' lang='lat' dir='ltr'>pauca</span> <span class='ocrx_word' id='word_1_83' title='bbox 704 1271 971 1348; x_wconf 79' lang='lat' dir='ltr'>tradidi,</span> <span class='ocrx_word' id='word_1_84' title='bbox 1020 1294 1163 1341; x_wconf 93' lang='lat' dir='ltr'>tum</span> <span class='ocrx_word' id='word_1_85' title='bbox 1205 1294 1285 1338; x_wconf 89' lang='lat' dir='ltr'>ne</span> <span class='ocrx_word' id='word_1_86' title='bbox 1328 1293 1633 1340; x_wconf 88' lang='lat' dir='ltr'>numerus</span> <span class='ocrx_word' id='word_1_87' title='bbox 1661 1270 2038 1368; x_wconf 77' lang='lat' dir='ltr'>Figuratum</span> <span class='ocrx_word' id='word_1_88' title='bbox 2077 1269 2623 1364; x_wconf 80' lang='lat' dir='ltr'>multiplicaretur,</span> 
     </span>
     <span class='ocr_line' id='line_1_12' title="bbox 312 1370 2621 1474; baseline -0 -30"><span class='ocrx_word' id='word_1_89' title='bbox 312 1397 460 1444; x_wconf 87' lang='lat' dir='ltr'>tum</span> <span class='ocrx_word' id='word_1_90' title='bbox 487 1377 637 1472; x_wconf 85' lang='lat' dir='ltr'>quia</span> <span class='ocrx_word' id='word_1_91' title='bbox 679 1374 904 1447; x_wconf 90' lang='lat' dir='ltr'>multis</span> <span class='ocrx_word' id='word_1_92' title='bbox 931 1401 1069 1446; x_wconf 92' lang='lat' dir='ltr'>non</span> <span class='ocrx_word' id='word_1_93' title='bbox 1099 1374 1179 1444; x_wconf 86' lang='lat' dir='ltr'>est</span> <span class='ocrx_word' id='word_1_94' title='bbox 1213 1399 1402 1468; x_wconf 86' lang='lat' dir='ltr'>opus.</span> <span class='ocrx_word' id='word_1_95' title='bbox 1459 1370 1595 1461; x_wconf 69' lang='lat' dir='ltr'>Qi</span> <span class='ocrx_word' id='word_1_96' title='bbox 1635 1374 1810 1442; x_wconf 91' lang='lat' dir='ltr'>enim</span> <span class='ocrx_word' id='word_1_97' title='bbox 1841 1373 1975 1444; x_wconf 89' lang='lat' dir='ltr'>vim</span> <span class='ocrx_word' id='word_1_98' title='bbox 2010 1374 2399 1474; x_wconf 79' lang='lat' dir='ltr'>Regularum</span> <span class='ocrx_word' id='word_1_99' title='bbox 2430 1394 2621 1448; x_wconf 86' lang='lat' dir='ltr'>tenet,</span> 
     </span>
     <span class='ocr_line' id='line_1_13' title="bbox 307 1474 2623 1579; baseline -0.002 -31"><span class='ocrx_word' id='word_1_100' title='bbox 307 1481 573 1575; x_wconf 84' lang='lat' dir='ltr'>proprio</span> <span class='ocrx_word' id='word_1_101' title='bbox 621 1487 829 1551; x_wconf 87' lang='lat' dir='ltr'>Marte</span> <span class='ocrx_word' id='word_1_102' title='bbox 879 1474 1270 1579; x_wconf 79' lang='lat' dir='ltr'>excogitabit</span> <span class='ocrx_word' id='word_1_103' title='bbox 1319 1476 1516 1572; x_wconf 86' lang='lat' dir='ltr'>plura.</span> <span class='ocrx_word' id='word_1_104' title='bbox 1625 1481 1697 1547; x_wconf 91' lang='lat' dir='ltr'>In</span> <span class='ocrx_word' id='word_1_105' title='bbox 1739 1476 2057 1573; x_wconf 86' lang='lat' dir='ltr'>Exemplis</span> <span class='ocrx_word' id='word_1_106' title='bbox 2123 1505 2268 1576; x_wconf 78' lang='lat' dir='ltr'>quae</span> <span class='ocrx_word' id='word_1_107' title='bbox 2318 1475 2623 1572; x_wconf 85' lang='lat' dir='ltr'>proposui</span> 
     </span>
     <span class='ocr_line' id='line_1_14' title="bbox 309 1577 2627 1679; baseline -0.001 -28"><span class='ocrx_word' id='word_1_108' title='bbox 309 1583 673 1655; x_wconf 84' lang='lat' dir='ltr'>distantiam</span> <span class='ocrx_word' id='word_1_109' title='bbox 706 1581 900 1656; x_wconf 75' lang='lat' dir='ltr'>Oculi</span> <span class='ocrx_word' id='word_1_110' title='bbox 940 1582 1183 1655; x_wconf 84' lang='lat' dir='ltr'>affumfi</span> <span class='ocrx_word' id='word_1_111' title='bbox 1235 1580 1613 1669; x_wconf 79' lang='lat' dir='ltr'>minorem3</span> <span class='ocrx_word' id='word_1_112' title='bbox 1666 1607 1747 1651; x_wconf 90' lang='lat' dir='ltr'>ne</span> <span class='ocrx_word' id='word_1_113' title='bbox 1783 1580 2025 1679; x_wconf 76' lang='lat' dir='ltr'>Figurae</span> <span class='ocrx_word' id='word_1_114' title='bbox 2065 1580 2287 1652; x_wconf 86' lang='lat' dir='ltr'>fierent</span> <span class='ocrx_word' id='word_1_115' title='bbox 2327 1577 2627 1674; x_wconf 89' lang='lat' dir='ltr'>prolixio-</span> 
     </span>
     <span class='ocr_line' id='line_1_15' title="bbox 308 1681 2620 1783; baseline -0.003 -26"><span class='ocrx_word' id='word_1_116' title='bbox 308 1712 425 1757; x_wconf 78' lang='lat' dir='ltr'>res,</span> <span class='ocrx_word' id='word_1_117' title='bbox 535 1685 738 1759; x_wconf 80' lang='lat' dir='ltr'>Facile</span> <span class='ocrx_word' id='word_1_118' title='bbox 775 1713 997 1759; x_wconf 88' lang='lat' dir='ltr'>autem</span> <span class='ocrx_word' id='word_1_119' title='bbox 1052 1713 1153 1757; x_wconf 86' lang='lat' dir='ltr'>eas</span> <span class='ocrx_word' id='word_1_120' title='bbox 1199 1685 1265 1755; x_wconf 92' lang='lat' dir='ltr'>in</span> <span class='ocrx_word' id='word_1_121' title='bbox 1310 1687 1585 1781; x_wconf 86' lang='lat' dir='ltr'>majores</span> <span class='ocrx_word' id='word_1_122' title='bbox 1627 1683 1908 1755; x_wconf 86' lang='lat' dir='ltr'>mutabit</span> <span class='ocrx_word' id='word_1_123' title='bbox 1935 1737 1950 1762; x_wconf 91' lang='lat'>,</span> <span class='ocrx_word' id='word_1_124' title='bbox 2009 1685 2121 1783; x_wconf 89' lang='lat' dir='ltr'>qui</span> <span class='ocrx_word' id='word_1_125' title='bbox 2178 1681 2349 1755; x_wconf 86' lang='lat' dir='ltr'>Praxi</span> <span class='ocrx_word' id='word_1_126' title='bbox 2394 1681 2620 1751; x_wconf 67' lang='lat' dir='ltr'>stucf&#39;et.</span> 
     </span>
     <span class='ocr_line' id='line_1_16' title="bbox 308 1783 2624 1887; baseline -0.004 -24"><span class='ocrx_word' id='word_1_127' title='bbox 308 1796 639 1863; x_wconf 83' lang='lat' dir='ltr'>Caeterum</span> <span class='ocrx_word' id='word_1_128' title='bbox 670 1787 1122 1886; x_wconf 69' lang='lat' dir='ltr'>Perspectivam</span> <span class='ocrx_word' id='word_1_129' title='bbox 1167 1788 1415 1883; x_wconf 81' lang='lat' dir='ltr'>Opticae</span> <span class='ocrx_word' id='word_1_130' title='bbox 1446 1786 1809 1887; x_wconf 86' lang='lat' dir='ltr'>jungimus,</span> <span class='ocrx_word' id='word_1_131' title='bbox 1854 1788 2004 1885; x_wconf 87' lang='lat' dir='ltr'>quia</span> <span class='ocrx_word' id='word_1_132' title='bbox 2045 1811 2356 1885; x_wconf 88' lang='lat' dir='ltr'>tanquam</span> <span class='ocrx_word' id='word_1_133' title='bbox 2382 1783 2624 1854; x_wconf 78' lang='lat' dir='ltr'>rivulus</span> 
     </span>
     <span class='ocr_line' id='line_1_17' title="bbox 306 1886 2619 1981; baseline -0.003 -16"><span class='ocrx_word' id='word_1_134' title='bbox 306 1918 382 1965; x_wconf 85' lang='lat' dir='ltr'>ex</span> <span class='ocrx_word' id='word_1_135' title='bbox 425 1892 555 1966; x_wconf 87' lang='lat' dir='ltr'>hoc</span> <span class='ocrx_word' id='word_1_136' title='bbox 608 1896 818 1966; x_wconf 74' lang='lat' dir='ltr'>fronte</span> <span class='ocrx_word' id='word_1_137' title='bbox 858 1894 1213 1971; x_wconf 87' lang='lat' dir='ltr'>derivatur,</span> <span class='ocrx_word' id='word_1_138' title='bbox 1270 1892 1352 1962; x_wconf 88' lang='lat' dir='ltr'>ita</span> <span class='ocrx_word' id='word_1_139' title='bbox 1395 1916 1465 1963; x_wconf 90' lang='lat' dir='ltr'>ut</span> <span class='ocrx_word' id='word_1_140' title='bbox 1522 1892 1720 1962; x_wconf 88' lang='lat' dir='ltr'>etiam</span> <span class='ocrx_word' id='word_1_141' title='bbox 1763 1888 1800 1962; x_wconf 75' lang='lat' dir='ltr'>a</span> <span class='ocrx_word' id='word_1_142' title='bbox 1842 1889 2168 1962; x_wconf 85' lang='lat' dir='ltr'>nonnullis</span> <span class='ocrx_word' id='word_1_143' title='bbox 2205 1892 2328 1981; x_wconf 76' lang='lat' dir='ltr'>(a)</span> <span class='ocrx_word' id='word_1_144' title='bbox 2377 1888 2442 1957; x_wconf 89' lang='lat' dir='ltr'>in</span> <span class='ocrx_word' id='word_1_145' title='bbox 2492 1886 2619 1981; x_wconf 88' lang='lat' dir='ltr'>ipsa</span> 
     </span>
     <span class='ocr_line' id='line_1_18' title="bbox 307 1989 2614 2093; baseline -0.003 -25"><span class='ocrx_word' id='word_1_146' title='bbox 307 1997 549 2093; x_wconf 88' lang='lat' dir='ltr'>Optica</span> <span class='ocrx_word' id='word_1_147' title='bbox 599 1998 926 2088; x_wconf 79' lang='lat' dir='ltr'>tradatur3</span> <span class='ocrx_word' id='word_1_148' title='bbox 962 1997 1064 2069; x_wconf 91' lang='lat' dir='ltr'>alii</span> <span class='ocrx_word' id='word_1_149' title='bbox 1106 2019 1331 2070; x_wconf 87' lang='lat' dir='ltr'>contra</span> <span class='ocrx_word' id='word_1_150' title='bbox 1359 1998 1670 2091; x_wconf 85' lang='lat' dir='ltr'>Opticam</span> <span class='ocrx_word' id='word_1_151' title='bbox 1710 2020 1865 2066; x_wconf 90' lang='lat' dir='ltr'>cum</span> <span class='ocrx_word' id='word_1_152' title='bbox 1906 1991 2279 2093; x_wconf 86' lang='lat' dir='ltr'>Catoptrica</span> <span class='ocrx_word' id='word_1_153' title='bbox 2308 1995 2378 2063; x_wconf 83' lang='lat'>&amp;</span> <span class='ocrx_word' id='word_1_154' title='bbox 2404 1989 2614 2087; x_wconf 87' lang='lat' dir='ltr'>Diop-</span> 
     </span>
     <span class='ocr_line' id='line_1_19' title="bbox 291 2094 1840 2200; baseline -0.004 -24"><span class='ocrx_word' id='word_1_155' title='bbox 291 2099 431 2176; x_wconf 28' lang='lat' dir='ltr'>*tica</span> <span class='ocrx_word' id='word_1_156' title='bbox 471 2101 877 2200; x_wconf 68' lang='lat' dir='ltr'>Perspectivae</span> <span class='ocrx_word' id='word_1_157' title='bbox 924 2101 1196 2176; x_wconf 89' lang='lat' dir='ltr'>nomine</span> <span class='ocrx_word' id='word_1_158' title='bbox 1227 2098 1656 2199; x_wconf 84' lang='lat' dir='ltr'>infigniverint</span> <span class='ocrx_word' id='word_1_159' title='bbox 1703 2094 1840 2192; x_wconf 84' lang='lat' dir='ltr'><em>(b).</em></span> 
     </span>
    </p>
   </div>
   <div class='ocr_carea' id='block_1_3' title="bbox 2163 2829 2630 2903">
    <p class='ocr_par' dir='ltr' id='par_1_3' title="bbox 2163 2829 2630 2903">
     <span class='ocr_line' id='line_1_20' title="bbox 2163 2829 2630 2903; baseline 0.002 -3"><span class='ocrx_word' id='word_1_160' title='bbox 2163 2829 2630 2903; x_wconf 88' lang='lat' dir='ltr'>ELEMEN-</span> 
     </span>
    </p>
   </div>
   <div class='ocr_carea' id='block_1_4' title="bbox 294 3240 2540 3440">
    <p class='ocr_par' dir='ltr' id='par_1_4' title="bbox 294 3240 2540 3440">
     <span class='ocr_line' id='line_1_21' title="bbox 365 3240 2110 3318; baseline -0.007 -13"><span class='ocrx_word' id='word_1_161' title='bbox 365 3245 449 3315; x_wconf 66' lang='lat' dir='ltr'>(a)</span> <span class='ocrx_word' id='word_1_162' title='bbox 487 3249 615 3304; x_wconf 68' lang='lat' dir='ltr'>Fecit</span> <span class='ocrx_word' id='word_1_163' title='bbox 643 3250 691 3303; x_wconf 84' lang='lat' dir='ltr'>id</span> <span class='ocrx_word' id='word_1_164' title='bbox 728 3255 767 3303; x_wconf 87' lang='lat' dir='ltr'>A</span> <span class='ocrx_word' id='word_1_165' title='bbox 785 3273 814 3301; x_wconf 69' lang='grc' dir='ltr'>Ν</span> <span class='ocrx_word' id='word_1_166' title='bbox 828 3265 900 3305; x_wconf 73' lang='lat' dir='ltr'>on</span> <span class='ocrx_word' id='word_1_167' title='bbox 920 3272 939 3302; x_wconf 83' lang='grc' dir='ltr'>ε</span> <span class='ocrx_word' id='word_1_168' title='bbox 959 3273 986 3304; x_wconf 73' lang='grc' dir='ltr'>Α</span> <span class='ocrx_word' id='word_1_169' title='bbox 1003 3269 1024 3303; x_wconf 88' lang='lat' dir='ltr'>s</span> <span class='ocrx_word' id='word_1_170' title='bbox 1059 3252 1097 3302; x_wconf 81' lang='lat' dir='ltr'>T</span> <span class='ocrx_word' id='word_1_171' title='bbox 1110 3271 1137 3302; x_wconf 83' lang='lat' dir='ltr'>A</span> <span class='ocrx_word' id='word_1_172' title='bbox 1153 3270 1182 3302; x_wconf 91' lang='lat' dir='ltr'>c</span> <span class='ocrx_word' id='word_1_173' title='bbox 1198 3270 1272 3317; x_wconf 64' lang='lat' dir='ltr'>Qu</span> <span class='ocrx_word' id='word_1_174' title='bbox 1286 3271 1312 3304; x_wconf 70' lang='grc' dir='ltr'><em>ε</em></span> <span class='ocrx_word' id='word_1_175' title='bbox 1326 3270 1357 3302; x_wconf 84' lang='grc' dir='ltr'><strong>τ</strong></span> <span class='ocrx_word' id='word_1_176' title='bbox 1381 3286 1396 3308; x_wconf 92' lang='grc'><strong><em>,</em></strong></span> <span class='ocrx_word' id='word_1_177' title='bbox 1435 3251 1482 3302; x_wconf 86' lang='lat' dir='ltr'>in</span> <span class='ocrx_word' id='word_1_178' title='bbox 1516 3248 1734 3318; x_wconf 76' lang='lat' dir='ltr'>Operibus</span> <span class='ocrx_word' id='word_1_179' title='bbox 1763 3240 2110 3297; x_wconf 70' lang='lat' dir='ltr'>Mathematicis.</span> 
     </span>
     <span class='ocr_line' id='line_1_22' title="bbox 294 3308 2535 3437; baseline -0.008 -65"><span class='ocrx_word' id='word_1_180' title='bbox 294 3389 336 3437; x_wconf 60' lang='lat' dir='ltr'><strong><em>C</em></strong></span> <span class='ocrx_word' id='word_1_181' title='bbox 364 3323 452 3381; x_wconf 85' lang='lat' dir='ltr'>(b)</span> <span class='ocrx_word' id='word_1_182' title='bbox 503 3323 707 3401; x_wconf 57' lang='lat' dir='ltr'>Pertinet</span> <span class='ocrx_word' id='word_1_183' title='bbox 752 3322 842 3372; x_wconf 85' lang='lat' dir='ltr'>huc</span> <span class='ocrx_word' id='word_1_184' title='bbox 889 3325 956 3378; x_wconf 87' lang='lat' dir='ltr'>Jo</span> <span class='ocrx_word' id='word_1_185' title='bbox 972 3342 1003 3371; x_wconf 77' lang='lat' dir='ltr'>A</span> <span class='ocrx_word' id='word_1_186' title='bbox 1020 3340 1050 3373; x_wconf 77' lang='lat' dir='ltr'>N</span> <span class='ocrx_word' id='word_1_187' title='bbox 1064 3337 1162 3373; x_wconf 76' lang='lat' dir='ltr'>N1s</span> <span class='ocrx_word' id='word_1_188' title='bbox 1211 3320 1560 3386; x_wconf 83' lang='lat' dir='ltr'>Archiepiscopi</span> <span class='ocrx_word' id='word_1_189' title='bbox 1615 3322 1656 3370; x_wconf 88' lang='lat' dir='ltr'>C</span> <span class='ocrx_word' id='word_1_190' title='bbox 1676 3339 1707 3370; x_wconf 69' lang='grc' dir='ltr'><strong>Α</strong></span> <span class='ocrx_word' id='word_1_191' title='bbox 1726 3337 1757 3368; x_wconf 75' lang='lat' dir='ltr'>N</span> <span class='ocrx_word' id='word_1_192' title='bbox 1774 3331 1802 3364; x_wconf 81' lang='grc' dir='ltr'>τ</span> <span class='ocrx_word' id='word_1_193' title='bbox 1817 3333 1893 3397; x_wconf 7' lang='lat' dir='ltr'>upa</span> <span class='ocrx_word' id='word_1_194' title='bbox 1908 3332 2009 3365; x_wconf 70' lang='lat' dir='ltr'>Rus</span> <span class='ocrx_word' id='word_1_195' title='bbox 2027 3330 2058 3363; x_wconf 69' lang='lat' dir='ltr'>N</span> <span class='ocrx_word' id='word_1_196' title='bbox 2072 3329 2094 3362; x_wconf 87' lang='lat' dir='ltr'>s</span> <span class='ocrx_word' id='word_1_197' title='bbox 2109 3326 2162 3361; x_wconf 73' lang='grc' dir='ltr'>ιε</span> <span class='ocrx_word' id='word_1_198' title='bbox 2193 3342 2209 3367; x_wconf 88' lang='lat'>‚</span> <span class='ocrx_word' id='word_1_199' title='bbox 2259 3308 2535 3374; x_wconf 67' lang='lat' dir='ltr'>Perspec‘liva</span> 
     </span>
     <span class='ocr_line' id='line_1_23' title="bbox 331 3406 2540 3440; baseline -0.012 0"><span class='ocrx_word' id='word_1_200' title='bbox 331 3406 553 3440; x_wconf 61' lang='lat' dir='ltr'>ommumr„</span> <span class='ocrx_word' id='word_1_201' title='bbox 2533 3410 2540 3414; x_wconf 93' lang='lat'>.</span> 
     </span>
    </p>
   </div>
  </div>
 </body>
</html>
