<?xml version="1.0" encoding="UTF-8"?>
<!DOCTYPE html PUBLIC "-//W3C//DTD XHTML 1.0 Transitional//EN"
    "http://www.w3.org/TR/xhtml1/DTD/xhtml1-transitional.dtd">
<html xmlns="http://www.w3.org/1999/xhtml" xml:lang="en" lang="en">
 <head>
  <title>
</title>
<meta http-equiv="Content-Type" content="text/html;charset=utf-8" />
  <meta name='ocr-system' content='tesseract 3.04.00' />
  <meta name='ocr-capabilities' content='ocr_page ocr_carea ocr_par ocr_line ocrx_word'/>
</head>
<body>
  <div class='ocr_page' id='page_1' title='image "./elementamatheseo03wolf_0150.png"; bbox 0 0 2713 3769; ppageno 0'>
   <div class='ocr_carea' id='block_1_1' title="bbox 19 1104 408 1243">
    <p class='ocr_par' dir='ltr' id='par_1_1' title="bbox 19 1104 408 1243">
     <span class='ocr_line' id='line_1_1' title="bbox 19 1104 196 1154; baseline -0.034 0"><span class='ocrx_word' id='word_1_1' title='bbox 19 1104 135 1154; x_wconf 84' lang='lat' dir='ltr'>Tab.</span> <span class='ocrx_word' id='word_1_2' title='bbox 160 1106 196 1149; x_wconf 88' lang='grc' dir='ltr'>Ι.</span> 
     </span>
     <span class='ocr_line' id='line_1_2' title="bbox 19 1176 408 1243; baseline 0 -5"><span class='ocrx_word' id='word_1_3' title='bbox 19 1176 120 1238; x_wconf 56' lang='lat' dir='ltr'>fig·</span> <span class='ocrx_word' id='word_1_4' title='bbox 152 1210 195 1243; x_wconf 86' lang='lat'>2.</span> <span class='ocrx_word' id='word_1_5' title='bbox 229 1204 408 1242; x_wconf 84' lang='lat' dir='ltr'>truerc.</span> 
     </span>
    </p>
   </div>
   <div class='ocr_carea' id='block_1_2' title="bbox 251 208 357 250">
    <p class='ocr_par' dir='ltr' id='par_1_2' title="bbox 251 208 357 250">
     <span class='ocr_line' id='line_1_3' title="bbox 251 208 357 250; baseline 0 -1"><span class='ocrx_word' id='word_1_6' title='bbox 251 208 357 250; x_wconf 79' lang='lat'>1¹0</span> 
     </span>
    </p>
   </div>
   <div class='ocr_carea' id='block_1_3' title="bbox 222 319 1347 587">
    <p class='ocr_par' dir='ltr' id='par_1_3' title="bbox 222 319 1347 587">
     <span class='ocr_line' id='line_1_4' title="bbox 222 319 1347 387; baseline -0.003 -19"><span class='ocrx_word' id='word_1_7' title='bbox 222 319 442 387; x_wconf 80' lang='lat' dir='ltr'>perficiem</span> <span class='ocrx_word' id='word_1_8' title='bbox 463 319 509 369; x_wconf 89' lang='lat' dir='ltr'><em>V</em></span> <span class='ocrx_word' id='word_1_9' title='bbox 504 323 585 369; x_wconf 72' lang='lat' dir='ltr'>itri</span> <span class='ocrx_word' id='word_1_10' title='bbox 618 322 766 368; x_wconf 59' lang='lat' dir='ltr'>exaffe</span> <span class='ocrx_word' id='word_1_11' title='bbox 790 321 973 368; x_wconf 57' lang='lat' dir='ltr'>Planum</span> <span class='ocrx_word' id='word_1_12' title='bbox 990 353 1002 373; x_wconf 91' lang='lat'>,</span> <span class='ocrx_word' id='word_1_13' title='bbox 1034 334 1162 382; x_wconf 81' lang='lat' dir='ltr'>quam</span> <span class='ocrx_word' id='word_1_14' title='bbox 1183 324 1347 365; x_wconf 84' lang='lat' dir='ltr'>Cavam</span> 
     </span>
     <span class='ocr_line' id='line_1_5' title="bbox 226 386 1347 450; baseline -0.005 -12"><span class='ocrx_word' id='word_1_15' title='bbox 226 392 420 438; x_wconf 84' lang='lat' dir='ltr'><em>reddere.</em></span> <span class='ocrx_word' id='word_1_16' title='bbox 494 390 555 435; x_wconf 88' lang='lat' dir='ltr'>Et</span> <span class='ocrx_word' id='word_1_17' title='bbox 588 389 687 436; x_wconf 86' lang='lat' dir='ltr'>hinc</span> <span class='ocrx_word' id='word_1_18' title='bbox 723 406 822 436; x_wconf 73' lang='lat' dir='ltr'>raro</span> <span class='ocrx_word' id='word_1_19' title='bbox 858 390 1137 450; x_wconf 75' lang='lat' dir='ltr'>reperiuntur</span> <span class='ocrx_word' id='word_1_20' title='bbox 1175 386 1347 450; x_wconf 81' lang='lat' dir='ltr'>Specula</span> 
     </span>
     <span class='ocr_line' id='line_1_6' title="bbox 223 454 1347 521; baseline -0.001 -18"><span class='ocrx_word' id='word_1_21' title='bbox 223 456 421 521; x_wconf 64' lang='lat' dir='ltr'>perfeffa</span> <span class='ocrx_word' id='word_1_22' title='bbox 437 456 622 517; x_wconf 83' lang='lat' dir='ltr'><em>planitie</em></span> <span class='ocrx_word' id='word_1_23' title='bbox 645 459 827 518; x_wconf 53' lang='lat' dir='ltr'>praedita</span> <span class='ocrx_word' id='word_1_24' title='bbox 843 489 853 507; x_wconf 89' lang='lat'>‚</span> <span class='ocrx_word' id='word_1_25' title='bbox 874 469 922 501; x_wconf 77' lang='lat' dir='ltr'>ut</span> <span class='ocrx_word' id='word_1_26' title='bbox 941 458 1044 501; x_wconf 82' lang='lat' dir='ltr'>adeo</span> <span class='ocrx_word' id='word_1_27' title='bbox 1065 454 1212 501; x_wconf 60' lang='lat' dir='ltr'>exafile</span> <span class='ocrx_word' id='word_1_28' title='bbox 1229 458 1347 502; x_wconf 84' lang='lat' dir='ltr'>lma-</span> 
     </span>
     <span class='ocr_line' id='line_1_7' title="bbox 222 522 1102 587; baseline -0.006 -15"><span class='ocrx_word' id='word_1_29' title='bbox 222 528 345 587; x_wconf 82' lang='lat' dir='ltr'>gines</span> <span class='ocrx_word' id='word_1_30' title='bbox 377 522 526 585; x_wconf 66' lang='lat' dir='ltr'>Objefi</span> <span class='ocrx_word' id='word_1_31' title='bbox 554 540 647 570; x_wconf 80' lang='lat' dir='ltr'>rum</span> <span class='ocrx_word' id='word_1_32' title='bbox 681 540 760 570; x_wconf 83' lang='lat' dir='ltr'>non</span> <span class='ocrx_word' id='word_1_33' title='bbox 793 522 1102 586; x_wconf 60' lang='lat' dir='ltr'><em>repraesentent.</em></span> 
     </span>
    </p>
   </div>
   <div class='ocr_carea' id='block_1_4' title="bbox 467 621 1082 677">
    <p class='ocr_par' dir='ltr' id='par_1_4' title="bbox 467 621 1082 677">
     <span class='ocr_line' id='line_1_8' title="bbox 467 621 1082 677; baseline -0.005 -1"><span class='ocrx_word' id='word_1_34' title='bbox 467 625 927 677; x_wconf 77' lang='lat' dir='ltr'>ScuoLioN</span> <span class='ocrx_word' id='word_1_35' title='bbox 994 621 1082 673; x_wconf 85' lang='lat' dir='ltr'>IV.</span> 
     </span>
    </p>
   </div>
   <div class='ocr_carea' id='block_1_5' title="bbox 221 722 1346 980">
    <p class='ocr_par' dir='ltr' id='par_1_5' title="bbox 221 722 1346 980">
     <span class='ocr_line' id='line_1_9' title="bbox 297 722 1346 792; baseline -0.01 -15"><span class='ocrx_word' id='word_1_36' title='bbox 297 742 379 789; x_wconf 81' lang='lat'>47.</span> <span class='ocrx_word' id='word_1_37' title='bbox 415 732 488 776; x_wconf 79' lang='lat' dir='ltr'>Ad</span> <span class='ocrx_word' id='word_1_38' title='bbox 510 729 731 792; x_wconf 77' lang='lat' dir='ltr'>poliendas</span> <span class='ocrx_word' id='word_1_39' title='bbox 763 724 955 773; x_wconf 77' lang='lat' dir='ltr'><em>Tabulas</em></span> <span class='ocrx_word' id='word_1_40' title='bbox 993 723 1180 784; x_wconf 84' lang='lat' dir='ltr'>majores</span> <span class='ocrx_word' id='word_1_41' title='bbox 1217 722 1346 768; x_wconf 80' lang='lat' dir='ltr'>Arti-</span> 
     </span>
     <span class='ocr_line' id='line_1_10' title="bbox 221 790 1341 860; baseline -0.01 -15"><span class='ocrx_word' id='word_1_42' title='bbox 221 793 329 856; x_wconf 81' lang='lat' dir='ltr'>fices</span> <span class='ocrx_word' id='word_1_43' title='bbox 370 797 607 860; x_wconf 73' lang='lat' dir='ltr'>specularii</span> <span class='ocrx_word' id='word_1_44' title='bbox 642 808 826 842; x_wconf 68' lang='lat' dir='ltr'>utuntur</span> <span class='ocrx_word' id='word_1_45' title='bbox 858 793 1063 838; x_wconf 68' lang='lat' dir='ltr'>Machina</span> <span class='ocrx_word' id='word_1_46' title='bbox 1095 790 1305 854; x_wconf 82' lang='lat' dir='ltr'>policoria</span> <span class='ocrx_word' id='word_1_47' title='bbox 1327 820 1341 840; x_wconf 92' lang='lat'><em>‚</em></span> 
     </span>
     <span class='ocr_line' id='line_1_11' title="bbox 227 859 1345 928; baseline -0.009 -16"><span class='ocrx_word' id='word_1_48' title='bbox 227 866 350 926; x_wconf 86' lang='lat' dir='ltr'>cujus</span> <span class='ocrx_word' id='word_1_49' title='bbox 386 864 709 928; x_wconf 77' lang='lat' dir='ltr'><em>descriptionem</em></span> <span class='ocrx_word' id='word_1_50' title='bbox 731 859 1007 909; x_wconf 80' lang='lat' dir='ltr'>Problemate</span> <span class='ocrx_word' id='word_1_51' title='bbox 1030 859 1231 923; x_wconf 82' lang='lat' dir='ltr'>sequente</span> <span class='ocrx_word' id='word_1_52' title='bbox 1250 868 1345 903; x_wconf 75' lang='lat' dir='ltr'>tra-</span> 
     </span>
     <span class='ocr_line' id='line_1_12' title="bbox 227 935 384 980; baseline -0.013 0"><span class='ocrx_word' id='word_1_53' title='bbox 227 935 384 980; x_wconf 80' lang='lat' dir='ltr'>dimus.</span> 
     </span>
    </p>
   </div>
   <div class='ocr_carea' id='block_1_6' title="bbox 333 1003 1345 1178">
    <p class='ocr_par' dir='ltr' id='par_1_6' title="bbox 333 1003 1345 1178">
     <span class='ocr_line' id='line_1_13' title="bbox 451 1003 1091 1060; baseline -0.006 0"><span class='ocrx_word' id='word_1_54' title='bbox 451 1009 490 1060; x_wconf 90' lang='lat' dir='ltr'>P</span> <span class='ocrx_word' id='word_1_55' title='bbox 520 1023 551 1059; x_wconf 74' lang='lat' dir='ltr'>R</span> <span class='ocrx_word' id='word_1_56' title='bbox 581 1023 616 1060; x_wconf 93' lang='lat' dir='ltr'>o</span> <span class='ocrx_word' id='word_1_57' title='bbox 647 1021 672 1057; x_wconf 87' lang='lat' dir='ltr'>B</span> <span class='ocrx_word' id='word_1_58' title='bbox 707 1021 739 1057; x_wconf 86' lang='lat' dir='ltr'>L</span> <span class='ocrx_word' id='word_1_59' title='bbox 767 1021 794 1057; x_wconf 81' lang='lat' dir='ltr'>E</span> <span class='ocrx_word' id='word_1_60' title='bbox 826 1021 863 1059; x_wconf 80' lang='lat' dir='ltr'>M</span> <span class='ocrx_word' id='word_1_61' title='bbox 899 1020 931 1057; x_wconf 81' lang='lat' dir='ltr'>A</span> <span class='ocrx_word' id='word_1_62' title='bbox 1017 1003 1091 1058; x_wconf 92' lang='lat' dir='ltr'>II.</span> 
     </span>
     <span class='ocr_line' id='line_1_14' title="bbox 333 1098 1345 1178; baseline -0.011 -14"><span class='ocrx_word' id='word_1_63' title='bbox 333 1114 425 1167; x_wconf 77' lang='lat'>48.</span> <span class='ocrx_word' id='word_1_64' title='bbox 494 1104 803 1159; x_wconf 79' lang='lat' dir='ltr'>Machinam</span> <span class='ocrx_word' id='word_1_65' title='bbox 865 1107 1148 1178; x_wconf 81' lang='lat' dir='ltr'>politoriam</span> <span class='ocrx_word' id='word_1_66' title='bbox 1215 1098 1345 1170; x_wconf 83' lang='lat' dir='ltr'>cons-</span> 
     </span>
    </p>
   </div>
   <div class='ocr_carea' id='block_1_7' title="bbox 505 1280 1040 1334">
    <p class='ocr_par' dir='ltr' id='par_1_7' title="bbox 505 1280 1040 1334">
     <span class='ocr_line' id='line_1_15' title="bbox 505 1280 1040 1334; baseline -0.009 -1"><span class='ocrx_word' id='word_1_67' title='bbox 505 1280 1040 1334; x_wconf 70' lang='lat' dir='ltr'><strong>RESOLUTIO.</strong></span> 
     </span>
    </p>
   </div>
   <div class='ocr_carea' id='block_1_8' title="bbox 235 1377 1370 3443">
    <p class='ocr_par' dir='ltr' id='par_1_8' title="bbox 238 1377 1348 1600">
     <span class='ocr_line' id='line_1_16' title="bbox 238 1377 1345 1460; baseline -0.014 -15"><span class='ocrx_word' id='word_1_68' title='bbox 238 1404 287 1446; x_wconf 80' lang='grc' dir='ltr'>Ι.</span> <span class='ocrx_word' id='word_1_69' title='bbox 313 1384 565 1460; x_wconf 90' lang='lat' dir='ltr'>Cylindro</span> <span class='ocrx_word' id='word_1_70' title='bbox 597 1388 685 1439; x_wconf 83' lang='grc' dir='ltr'>ΑΒ</span> <span class='ocrx_word' id='word_1_71' title='bbox 712 1400 819 1437; x_wconf 87' lang='lat' dir='ltr'>rota</span> <span class='ocrx_word' id='word_1_72' title='bbox 849 1380 1038 1436; x_wconf 86' lang='lat' dir='ltr'>radiata</span> <span class='ocrx_word' id='word_1_73' title='bbox 1061 1380 1112 1433; x_wconf 89' lang='lat' dir='ltr'>C</span> <span class='ocrx_word' id='word_1_74' title='bbox 1146 1377 1345 1432; x_wconf 87' lang='lat' dir='ltr'>instruc-</span> 
     </span>
     <span class='ocr_line' id='line_1_17' title="bbox 349 1456 1348 1534; baseline -0.011 -14"><span class='ocrx_word' id='word_1_75' title='bbox 349 1482 408 1520; x_wconf 84' lang='lat' dir='ltr'>to</span> <span class='ocrx_word' id='word_1_76' title='bbox 438 1469 488 1520; x_wconf 74' lang='grc' dir='ltr'>δε</span> <span class='ocrx_word' id='word_1_77' title='bbox 523 1464 821 1519; x_wconf 86' lang='lat' dir='ltr'>verticaliter</span> <span class='ocrx_word' id='word_1_78' title='bbox 846 1459 1086 1534; x_wconf 86' lang='lat' dir='ltr'>erigendo</span> <span class='ocrx_word' id='word_1_79' title='bbox 1114 1456 1348 1531; x_wconf 84' lang='lat' dir='ltr'>infigatur</span> 
     </span>
     <span class='ocr_line' id='line_1_18' title="bbox 352 1541 1116 1600; baseline -0.012 0"><span class='ocrx_word' id='word_1_80' title='bbox 352 1545 474 1600; x_wconf 79' lang='lat' dir='ltr'>Axis</span> <span class='ocrx_word' id='word_1_81' title='bbox 514 1560 748 1598; x_wconf 88' lang='lat' dir='ltr'>curvatus</span> <span class='ocrx_word' id='word_1_82' title='bbox 783 1542 966 1596; x_wconf 89' lang='lat' dir='ltr'>ferreus</span> <span class='ocrx_word' id='word_1_83' title='bbox 1007 1541 1116 1593; x_wconf 87' lang='lat' dir='ltr'>DE.</span> 
     </span>
    </p>

    <p class='ocr_par' dir='ltr' id='par_1_9' title="bbox 235 1614 1350 1916">
     <span class='ocr_line' id='line_1_19' title="bbox 235 1614 1350 1686; baseline -0.015 0"><span class='ocrx_word' id='word_1_84' title='bbox 235 1636 289 1686; x_wconf 78' lang='lat'>2.</span> <span class='ocrx_word' id='word_1_85' title='bbox 316 1624 413 1680; x_wconf 79' lang='lat' dir='ltr'>Axi</span> <span class='ocrx_word' id='word_1_86' title='bbox 454 1628 548 1680; x_wconf 85' lang='lat' dir='ltr'>DE</span> <span class='ocrx_word' id='word_1_87' title='bbox 582 1624 880 1677; x_wconf 81' lang='lat' dir='ltr'>immittatur</span> <span class='ocrx_word' id='word_1_88' title='bbox 913 1620 1124 1672; x_wconf 86' lang='lat' dir='ltr'>annulus</span> <span class='ocrx_word' id='word_1_89' title='bbox 1166 1614 1350 1670; x_wconf 87' lang='lat' dir='ltr'>ferreus</span> 
     </span>
     <span class='ocr_line' id='line_1_20' title="bbox 349 1696 1348 1775; baseline -0.011 -17"><span class='ocrx_word' id='word_1_90' title='bbox 349 1706 388 1757; x_wconf 86' lang='lat' dir='ltr'>F</span> <span class='ocrx_word' id='word_1_91' title='bbox 418 1708 466 1758; x_wconf 86' lang='lat'>&amp;</span> <span class='ocrx_word' id='word_1_92' title='bbox 493 1703 609 1757; x_wconf 90' lang='lat' dir='ltr'>huic</span> <span class='ocrx_word' id='word_1_93' title='bbox 634 1719 851 1775; x_wconf 87' lang='lat' dir='ltr'>quatuor</span> <span class='ocrx_word' id='word_1_94' title='bbox 875 1699 1039 1753; x_wconf 68' lang='lat' dir='ltr'>Hastae</span> <span class='ocrx_word' id='word_1_95' title='bbox 1067 1696 1238 1750; x_wconf 83' lang='lat' dir='ltr'>ferreae</span> <span class='ocrx_word' id='word_1_96' title='bbox 1260 1698 1348 1749; x_wconf 84' lang='lat' dir='ltr'>FG</span> 
     </span>
     <span class='ocr_line' id='line_1_21' title="bbox 349 1774 1349 1856; baseline -0.01 -18"><span class='ocrx_word' id='word_1_97' title='bbox 349 1783 690 1856; x_wconf 83' lang='lat' dir='ltr'>applicentur,</span> <span class='ocrx_word' id='word_1_98' title='bbox 718 1781 947 1853; x_wconf 87' lang='lat' dir='ltr'>utrinque</span> <span class='ocrx_word' id='word_1_99' title='bbox 974 1778 1022 1830; x_wconf 89' lang='lat' dir='ltr'>in</span> <span class='ocrx_word' id='word_1_100' title='bbox 1052 1794 1233 1830; x_wconf 89' lang='lat' dir='ltr'>uncum</span> <span class='ocrx_word' id='word_1_101' title='bbox 1265 1774 1349 1829; x_wconf 89' lang='lat' dir='ltr'>de-</span> 
     </span>
     <span class='ocr_line' id='line_1_22' title="bbox 350 1861 581 1916; baseline 0 0"><span class='ocrx_word' id='word_1_102' title='bbox 350 1861 581 1916; x_wconf 74' lang='lat' dir='ltr'>fluentes,</span> 
     </span>
    </p>

    <p class='ocr_par' dir='ltr' id='par_1_10' title="bbox 237 1932 1354 2393">
     <span class='ocr_line' id='line_1_23' title="bbox 237 1932 1351 2013; baseline -0.012 -14"><span class='ocrx_word' id='word_1_103' title='bbox 237 1953 290 2013; x_wconf 84' lang='lat'>3.</span> <span class='ocrx_word' id='word_1_104' title='bbox 318 1942 689 1997; x_wconf 81' lang='lat' dir='ltr'>construantur</span> <span class='ocrx_word' id='word_1_105' title='bbox 728 1954 950 2012; x_wconf 86' lang='lat' dir='ltr'>quatuor</span> <span class='ocrx_word' id='word_1_106' title='bbox 986 1932 1351 2006; x_wconf 68' lang='lat' dir='ltr'>Quadrangula</span> 
     </span>
     <span class='ocr_line' id='line_1_24' title="bbox 354 2015 1350 2090; baseline -0.009 -14"><span class='ocrx_word' id='word_1_107' title='bbox 354 2022 520 2077; x_wconf 87' lang='lat' dir='ltr'><strong>HKLI</strong></span> <span class='ocrx_word' id='word_1_108' title='bbox 542 2040 603 2074; x_wconf 87' lang='lat' dir='ltr'>ex</span> <span class='ocrx_word' id='word_1_109' title='bbox 624 2019 781 2073; x_wconf 81' lang='lat' dir='ltr'>tribus</span> <span class='ocrx_word' id='word_1_110' title='bbox 798 2016 1007 2090; x_wconf 70' lang='lat' dir='ltr'>Regulis</span> <span class='ocrx_word' id='word_1_111' title='bbox 1029 2015 1224 2087; x_wconf 83' lang='lat' dir='ltr'>Ligneis</span> <span class='ocrx_word' id='word_1_112' title='bbox 1238 2015 1350 2073; x_wconf 85' lang='lat' dir='ltr'>HL,</span> 
     </span>
     <span class='ocr_line' id='line_1_25' title="bbox 358 2094 1354 2171; baseline -0.013 -14"><span class='ocrx_word' id='word_1_113' title='bbox 358 2101 559 2157; x_wconf 78' lang='lat' dir='ltr'>L1&amp;1K</span> <span class='ocrx_word' id='word_1_114' title='bbox 578 2103 627 2153; x_wconf 71' lang='grc' dir='ltr'>δε</span> <span class='ocrx_word' id='word_1_115' title='bbox 643 2094 900 2171; x_wconf 88' lang='lat' dir='ltr'>Cylindro</span> <span class='ocrx_word' id='word_1_116' title='bbox 917 2100 1008 2149; x_wconf 89' lang='grc' dir='ltr'>ΗΚ</span> <span class='ocrx_word' id='word_1_117' title='bbox 1024 2111 1177 2166; x_wconf 84' lang='lat' dir='ltr'>atque</span> <span class='ocrx_word' id='word_1_118' title='bbox 1191 2094 1354 2164; x_wconf 86' lang='lat' dir='ltr'>Regu-</span> 
     </span>
     <span class='ocr_line' id='line_1_26' title="bbox 362 2173 1352 2245; baseline -0.01 -11"><span class='ocrx_word' id='word_1_119' title='bbox 362 2181 421 2235; x_wconf 69' lang='lat' dir='ltr'>lis</span> <span class='ocrx_word' id='word_1_120' title='bbox 437 2178 718 2234; x_wconf 82' lang='lat' dir='ltr'>transverfis</span> <span class='ocrx_word' id='word_1_121' title='bbox 738 2180 824 2231; x_wconf 87' lang='lat' dir='ltr'>KL</span> <span class='ocrx_word' id='word_1_122' title='bbox 847 2182 896 2231; x_wconf 85' lang='lat'>&amp;</span> <span class='ocrx_word' id='word_1_123' title='bbox 917 2177 988 2229; x_wconf 92' lang='lat' dir='ltr'>Hl</span> <span class='ocrx_word' id='word_1_124' title='bbox 1010 2195 1021 2232; x_wconf 83' lang='lat'>3</span> <span class='ocrx_word' id='word_1_125' title='bbox 1042 2173 1198 2245; x_wconf 83' lang='lat' dir='ltr'>fitque</span> <span class='ocrx_word' id='word_1_126' title='bbox 1217 2175 1352 2238; x_wconf 85' lang='lat' dir='ltr'>Qua-</span> 
     </span>
     <span class='ocr_line' id='line_1_27' title="bbox 357 2254 1353 2330; baseline -0.01 -16"><span class='ocrx_word' id='word_1_127' title='bbox 357 2259 656 2330; x_wconf 84' lang='lat' dir='ltr'>drangulum</span> <span class='ocrx_word' id='word_1_128' title='bbox 676 2257 802 2311; x_wconf 86' lang='lat' dir='ltr'>circa</span> <span class='ocrx_word' id='word_1_129' title='bbox 829 2275 975 2312; x_wconf 82' lang='lat' dir='ltr'>axem</span> <span class='ocrx_word' id='word_1_130' title='bbox 1002 2254 1235 2326; x_wconf 86' lang='lat' dir='ltr'>Cylindri</span> <span class='ocrx_word' id='word_1_131' title='bbox 1256 2255 1353 2305; x_wconf 84' lang='lat' dir='ltr'>HK</span> 
     </span>
     <span class='ocr_line' id='line_1_28' title="bbox 359 2339 583 2393; baseline 0 0"><span class='ocrx_word' id='word_1_132' title='bbox 359 2339 583 2393; x_wconf 78' lang='lat' dir='ltr'>mobilis,</span> 
     </span>
    </p>

    <p class='ocr_par' dir='ltr' id='par_1_11' title="bbox 240 2412 1362 2799">
     <span class='ocr_line' id='line_1_29' title="bbox 240 2412 1356 2488; baseline -0.009 -15"><span class='ocrx_word' id='word_1_133' title='bbox 240 2432 297 2481; x_wconf 66' lang='lat'>4.</span> <span class='ocrx_word' id='word_1_134' title='bbox 322 2419 377 2472; x_wconf 91' lang='lat' dir='ltr'>In</span> <span class='ocrx_word' id='word_1_135' title='bbox 411 2417 580 2472; x_wconf 87' lang='lat' dir='ltr'>medio</span> <span class='ocrx_word' id='word_1_136' title='bbox 613 2414 817 2488; x_wconf 73' lang='lat' dir='ltr'>Regula&gt;</span> <span class='ocrx_word' id='word_1_137' title='bbox 842 2415 913 2469; x_wconf 92' lang='lat' dir='ltr'>LI</span> <span class='ocrx_word' id='word_1_138' title='bbox 948 2412 1181 2487; x_wconf 83' lang='lat' dir='ltr'>infigatur</span> <span class='ocrx_word' id='word_1_139' title='bbox 1202 2428 1356 2465; x_wconf 86' lang='lat' dir='ltr'>uncus</span> 
     </span>
     <span class='ocr_line' id='line_1_30' title="bbox 365 2493 1358 2560; baseline -0.006 -10"><span class='ocrx_word' id='word_1_140' title='bbox 365 2498 458 2560; x_wconf 86' lang='grc' dir='ltr'>Μ,</span> <span class='ocrx_word' id='word_1_141' title='bbox 486 2498 561 2550; x_wconf 90' lang='lat' dir='ltr'>cui</span> <span class='ocrx_word' id='word_1_142' title='bbox 597 2495 833 2550; x_wconf 86' lang='lat' dir='ltr'>inseratur</span> <span class='ocrx_word' id='word_1_143' title='bbox 861 2511 1015 2547; x_wconf 81' lang='lat' dir='ltr'>uncus</span> <span class='ocrx_word' id='word_1_144' title='bbox 1047 2494 1209 2549; x_wconf 81' lang='lat' dir='ltr'>Hastae</span> <span class='ocrx_word' id='word_1_145' title='bbox 1242 2493 1358 2554; x_wconf 76' lang='lat' dir='ltr'>PG,</span> 
     </span>
     <span class='ocr_line' id='line_1_31' title="bbox 364 2573 1356 2649; baseline -0.009 -18"><span class='ocrx_word' id='word_1_146' title='bbox 364 2578 432 2631; x_wconf 87' lang='lat' dir='ltr'>ita</span> <span class='ocrx_word' id='word_1_147' title='bbox 451 2592 503 2630; x_wconf 90' lang='lat' dir='ltr'>ut</span> <span class='ocrx_word' id='word_1_148' title='bbox 519 2576 773 2649; x_wconf 84' lang='lat' dir='ltr'>Cylindro</span> <span class='ocrx_word' id='word_1_149' title='bbox 802 2573 887 2627; x_wconf 80' lang='lat' dir='ltr'>AB</span> <span class='ocrx_word' id='word_1_150' title='bbox 904 2575 1356 2642; x_wconf 62' lang='lat' dir='ltr'>eircuma&amp;oQ1a-</span> 
     </span>
     <span class='ocr_line' id='line_1_32' title="bbox 367 2646 1362 2728; baseline -0.006 -19"><span class='ocrx_word' id='word_1_151' title='bbox 367 2655 669 2728; x_wconf 74' lang='lat' dir='ltr'>drangulum</span> <span class='ocrx_word' id='word_1_152' title='bbox 709 2655 902 2708; x_wconf 83' lang='lat' dir='ltr'><strong>HKLI</strong></span> <span class='ocrx_word' id='word_1_153' title='bbox 939 2672 1069 2707; x_wconf 86' lang='lat' dir='ltr'>nunc</span> <span class='ocrx_word' id='word_1_154' title='bbox 1095 2646 1362 2726; x_wconf 73' lang='lat' dir='ltr'>protrudu-</span> 
     </span>
     <span class='ocr_line' id='line_1_33' title="bbox 370 2734 980 2799; baseline -0.005 -11"><span class='ocrx_word' id='word_1_155' title='bbox 370 2751 482 2799; x_wconf 92' lang='lat' dir='ltr'>tur‚</span> <span class='ocrx_word' id='word_1_156' title='bbox 522 2753 653 2788; x_wconf 89' lang='lat' dir='ltr'>nunc</span> <span class='ocrx_word' id='word_1_157' title='bbox 687 2734 980 2788; x_wconf 80' lang='lat' dir='ltr'>retrahatur.</span> 
     </span>
    </p>

    <p class='ocr_par' dir='ltr' id='par_1_12' title="bbox 259 2808 1368 3204">
     <span class='ocr_line' id='line_1_34' title="bbox 259 2808 1366 2887; baseline -0.006 -18"><span class='ocrx_word' id='word_1_158' title='bbox 259 2828 308 2887; x_wconf 74' lang='grc' dir='ltr'>ς.</span> <span class='ocrx_word' id='word_1_159' title='bbox 332 2813 506 2869; x_wconf 85' lang='lat' dir='ltr'>Eidem</span> <span class='ocrx_word' id='word_1_160' title='bbox 534 2814 739 2887; x_wconf 85' lang='lat' dir='ltr'>Regulae</span> <span class='ocrx_word' id='word_1_161' title='bbox 766 2816 828 2868; x_wconf 84' lang='lat' dir='ltr'>Ll</span> <span class='ocrx_word' id='word_1_162' title='bbox 858 2815 903 2865; x_wconf 87' lang='lat' dir='ltr'>in</span> <span class='ocrx_word' id='word_1_163' title='bbox 931 2808 1202 2883; x_wconf 73' lang='lat' dir='ltr'>superficie</span> <span class='ocrx_word' id='word_1_164' title='bbox 1228 2823 1366 2864; x_wconf 82' lang='lat' dir='ltr'>exte·</span> 
     </span>
     <span class='ocr_line' id='line_1_35' title="bbox 371 2890 1365 2966; baseline -0.007 -18"><span class='ocrx_word' id='word_1_165' title='bbox 371 2895 487 2948; x_wconf 87' lang='lat' dir='ltr'>riori</span> <span class='ocrx_word' id='word_1_166' title='bbox 517 2890 775 2966; x_wconf 85' lang='lat' dir='ltr'>affigantur</span> <span class='ocrx_word' id='word_1_167' title='bbox 811 2893 915 2945; x_wconf 89' lang='lat' dir='ltr'>duo</span> <span class='ocrx_word' id='word_1_168' title='bbox 948 2890 1114 2944; x_wconf 88' lang='lat' dir='ltr'>annuli</span> <span class='ocrx_word' id='word_1_169' title='bbox 1144 2895 1192 2944; x_wconf 64' lang='grc' dir='ltr'>ὃς</span> <span class='ocrx_word' id='word_1_170' title='bbox 1218 2890 1271 2942; x_wconf 89' lang='lat' dir='ltr'>iis</span> <span class='ocrx_word' id='word_1_171' title='bbox 1298 2890 1365 2941; x_wconf 88' lang='lat' dir='ltr'>in-</span> 
     </span>
     <span class='ocr_line' id='line_1_36' title="bbox 369 2968 1363 3029; baseline -0.007 -1"><span class='ocrx_word' id='word_1_172' title='bbox 369 2970 588 3029; x_wconf 83' lang='lat' dir='ltr'>serantur</span> <span class='ocrx_word' id='word_1_173' title='bbox 631 2973 741 3025; x_wconf 87' lang='lat' dir='ltr'>unci</span> <span class='ocrx_word' id='word_1_174' title='bbox 789 2972 1050 3025; x_wconf 84' lang='lat' dir='ltr'>Hastarum</span> <span class='ocrx_word' id='word_1_175' title='bbox 1092 2968 1363 3023; x_wconf 83' lang='lat' dir='ltr'>ferrearum</span> 
     </span>
     <span class='ocr_line' id='line_1_37' title="bbox 371 3048 1368 3124; baseline -0.008 -17"><span class='ocrx_word' id='word_1_176' title='bbox 371 3053 514 3117; x_wconf 78' lang='lat' dir='ltr'>Nc),</span> <span class='ocrx_word' id='word_1_177' title='bbox 540 3051 602 3106; x_wconf 88' lang='lat' dir='ltr'>ad</span> <span class='ocrx_word' id='word_1_178' title='bbox 631 3070 752 3123; x_wconf 83' lang='lat' dir='ltr'>quas</span> <span class='ocrx_word' id='word_1_179' title='bbox 776 3049 1130 3124; x_wconf 83' lang='lat' dir='ltr'>applicandum</span> <span class='ocrx_word' id='word_1_180' title='bbox 1158 3050 1226 3104; x_wconf 92' lang='lat' dir='ltr'>est</span> <span class='ocrx_word' id='word_1_181' title='bbox 1256 3048 1368 3120; x_wconf 79' lang='lat' dir='ltr'>Lig-</span> 
     </span>
     <span class='ocr_line' id='line_1_38' title="bbox 375 3132 958 3204; baseline -0.009 -17"><span class='ocrx_word' id='word_1_182' title='bbox 375 3151 495 3187; x_wconf 86' lang='lat' dir='ltr'>num</span> <span class='ocrx_word' id='word_1_183' title='bbox 526 3132 817 3204; x_wconf 87' lang='lat' dir='ltr'>politorium</span> <span class='ocrx_word' id='word_1_184' title='bbox 846 3132 958 3200; x_wconf 78' lang='lat' dir='ltr'>PQ.</span> 
     </span>
    </p>

    <p class='ocr_par' dir='ltr' id='par_1_13' title="bbox 255 3205 1370 3443">
     <span class='ocr_line' id='line_1_39' title="bbox 255 3205 1370 3273; baseline -0.004 -5"><span class='ocrx_word' id='word_1_185' title='bbox 255 3220 308 3273; x_wconf 82' lang='lat'>6.</span> <span class='ocrx_word' id='word_1_186' title='bbox 342 3211 515 3266; x_wconf 85' lang='lat' dir='ltr'>Baculi</span> <span class='ocrx_word' id='word_1_187' title='bbox 546 3213 625 3266; x_wconf 89' lang='lat' dir='ltr'>RS</span> <span class='ocrx_word' id='word_1_188' title='bbox 651 3227 930 3264; x_wconf 77' lang='lat' dir='ltr'>extremum</span> <span class='ocrx_word' id='word_1_189' title='bbox 969 3210 1177 3263; x_wconf 87' lang='lat' dir='ltr'>alterum</span> <span class='ocrx_word' id='word_1_190' title='bbox 1204 3210 1245 3265; x_wconf 87' lang='lat' dir='ltr'>R</span> <span class='ocrx_word' id='word_1_191' title='bbox 1276 3205 1370 3264; x_wconf 89' lang='lat' dir='ltr'>Ins-</span> 
     </span>
     <span class='ocr_line' id='line_1_40' title="bbox 375 3290 1368 3361; baseline -0.003 -16"><span class='ocrx_word' id='word_1_192' title='bbox 375 3306 632 3346; x_wconf 83' lang='lat' dir='ltr'>trumento</span> <span class='ocrx_word' id='word_1_193' title='bbox 673 3290 912 3361; x_wconf 82' lang='lat' dir='ltr'>politorio</span> <span class='ocrx_word' id='word_1_194' title='bbox 940 3328 955 3354; x_wconf 83' lang='lat'>,</span> <span class='ocrx_word' id='word_1_195' title='bbox 1003 3291 1213 3345; x_wconf 86' lang='lat' dir='ltr'>alterum</span> <span class='ocrx_word' id='word_1_196' title='bbox 1247 3308 1368 3346; x_wconf 92' lang='lat' dir='ltr'>vero</span> 
     </span>
     <span class='ocr_line' id='line_1_41' title="bbox 378 3368 869 3443; baseline -0.01 -16"><span class='ocrx_word' id='word_1_197' title='bbox 378 3371 414 3428; x_wconf 82' lang='lat' dir='ltr'>S</span> <span class='ocrx_word' id='word_1_198' title='bbox 451 3371 584 3426; x_wconf 86' lang='lat' dir='ltr'>trabi</span> <span class='ocrx_word' id='word_1_199' title='bbox 618 3368 869 3443; x_wconf 80' lang='lat' dir='ltr'>infigatur.</span> 
     </span>
    </p>
   </div>
   <div class='ocr_carea' id='block_1_9' title="bbox 634 184 2234 246">
    <p class='ocr_par' dir='ltr' id='par_1_14' title="bbox 634 184 2234 246">
     <span class='ocr_line' id='line_1_42' title="bbox 634 184 2234 246; baseline -0.003 0"><span class='ocrx_word' id='word_1_200' title='bbox 634 187 1286 246; x_wconf 76' lang='lat' dir='ltr'>ELEMENTA</span> <span class='ocrx_word' id='word_1_201' title='bbox 1383 184 2234 243; x_wconf 78' lang='lat' dir='ltr'><strong>CATOPTRICAE.</strong></span> 
     </span>
    </p>
   </div>
   <div class='ocr_carea' id='block_1_10' title="bbox 1467 312 2591 1318">
    <p class='ocr_par' dir='ltr' id='par_1_15' title="bbox 1470 312 2585 853">
     <span class='ocr_line' id='line_1_43' title="bbox 1470 312 2581 389; baseline 0.001 -18"><span class='ocrx_word' id='word_1_202' title='bbox 1470 331 1524 388; x_wconf 89' lang='lat'>7.</span> <span class='ocrx_word' id='word_1_203' title='bbox 1557 316 1794 389; x_wconf 86' lang='lat' dir='ltr'>Denique</span> <span class='ocrx_word' id='word_1_204' title='bbox 1842 313 1912 371; x_wconf 88' lang='lat' dir='ltr'>ad</span> <span class='ocrx_word' id='word_1_205' title='bbox 1954 315 2240 372; x_wconf 80' lang='lat' dir='ltr'>Machinam</span> <span class='ocrx_word' id='word_1_206' title='bbox 2293 312 2581 389; x_wconf 74' lang='lat' dir='ltr'>agitandam</span> 
     </span>
     <span class='ocr_line' id='line_1_44' title="bbox 1592 395 2584 455; baseline 0 -6"><span class='ocrx_word' id='word_1_207' title='bbox 1592 397 1835 451; x_wconf 89' lang='lat' dir='ltr'>utendum</span> <span class='ocrx_word' id='word_1_208' title='bbox 1861 396 1930 448; x_wconf 90' lang='lat' dir='ltr'>est</span> <span class='ocrx_word' id='word_1_209' title='bbox 1954 395 2095 450; x_wconf 86' lang='lat' dir='ltr'>Rotis</span> <span class='ocrx_word' id='word_1_210' title='bbox 2121 395 2324 448; x_wconf 89' lang='lat' dir='ltr'>dentata</span> <span class='ocrx_word' id='word_1_211' title='bbox 2351 397 2422 449; x_wconf 73' lang='lat' dir='ltr'>ab</span> <span class='ocrx_word' id='word_1_212' title='bbox 2442 436 2453 455; x_wconf 87' lang='lat'>,</span> <span class='ocrx_word' id='word_1_213' title='bbox 2476 395 2584 449; x_wconf 85' lang='lat' dir='ltr'>stel-</span> 
     </span>
     <span class='ocr_line' id='line_1_45' title="bbox 1588 473 2581 546; baseline -0.002 -19"><span class='ocrx_word' id='word_1_214' title='bbox 1588 475 1687 528; x_wconf 89' lang='lat' dir='ltr'>lata</span> <span class='ocrx_word' id='word_1_215' title='bbox 1722 478 1819 537; x_wconf 84' lang='lat' dir='ltr'>cd,</span> <span class='ocrx_word' id='word_1_216' title='bbox 1855 473 2046 527; x_wconf 88' lang='lat' dir='ltr'>radiata</span> <span class='ocrx_word' id='word_1_217' title='bbox 2069 475 2136 526; x_wconf 84' lang='lat' dir='ltr'>de</span> <span class='ocrx_word' id='word_1_218' title='bbox 2172 477 2224 528; x_wconf 84' lang='lat'>&amp;</span> <span class='ocrx_word' id='word_1_219' title='bbox 2264 474 2581 546; x_wconf 82' lang='lat' dir='ltr'>aquariafg,</span> 
     </span>
     <span class='ocr_line' id='line_1_46' title="bbox 1583 549 2583 607; baseline -0.001 0"><span class='ocrx_word' id='word_1_220' title='bbox 1583 553 1661 607; x_wconf 88' lang='lat' dir='ltr'>vel</span> <span class='ocrx_word' id='word_1_221' title='bbox 1708 553 1816 606; x_wconf 87' lang='lat' dir='ltr'>aliis</span> <span class='ocrx_word' id='word_1_222' title='bbox 1853 551 2015 605; x_wconf 85' lang='lat' dir='ltr'>modis</span> <span class='ocrx_word' id='word_1_223' title='bbox 2063 553 2299 605; x_wconf 57' lang='lat' dir='ltr'>[trudlura</span> <span class='ocrx_word' id='word_1_224' title='bbox 2342 549 2583 606; x_wconf 81' lang='lat' dir='ltr'>varianda</span> 
     </span>
     <span class='ocr_line' id='line_1_47' title="bbox 1585 629 2585 705; baseline 0 -21"><span class='ocrx_word' id='word_1_225' title='bbox 1585 651 1679 705; x_wconf 83' lang='lat' dir='ltr'>pto</span> <span class='ocrx_word' id='word_1_226' title='bbox 1713 629 1905 686; x_wconf 89' lang='lat' dir='ltr'>diversa</span> <span class='ocrx_word' id='word_1_227' title='bbox 1947 632 2180 702; x_wconf 82' lang='lat' dir='ltr'>potentiae</span> <span class='ocrx_word' id='word_1_228' title='bbox 2219 630 2585 703; x_wconf 81' lang='lat' dir='ltr'>applicatione,</span> 
     </span>
     <span class='ocr_line' id='line_1_48' title="bbox 1586 708 2582 783; baseline 0.001 -19"><span class='ocrx_word' id='word_1_229' title='bbox 1586 712 1659 764; x_wconf 89' lang='lat' dir='ltr'>uti</span> <span class='ocrx_word' id='word_1_230' title='bbox 1693 711 1957 766; x_wconf 86' lang='lat' dir='ltr'>docuimus</span> <span class='ocrx_word' id='word_1_231' title='bbox 1993 711 2041 764; x_wconf 88' lang='lat' dir='ltr'>in</span> <span class='ocrx_word' id='word_1_232' title='bbox 2076 708 2412 774; x_wconf 75' lang='lat' dir='ltr'>MechaniciS‚</span> <span class='ocrx_word' id='word_1_233' title='bbox 2447 711 2582 783; x_wconf 86' lang='lat' dir='ltr'>Cap.</span> 
     </span>
     <span class='ocr_line' id='line_1_49' title="bbox 1596 804 1687 853; baseline 0 -8"><span class='ocrx_word' id='word_1_234' title='bbox 1596 804 1687 853; x_wconf 85' lang='lat'>14.</span> 
     </span>
    </p>

    <p class='ocr_par' dir='ltr' id='par_1_16' title="bbox 1468 865 2588 940">
     <span class='ocr_line' id='line_1_50' title="bbox 1468 865 2588 940; baseline 0.001 -20"><span class='ocrx_word' id='word_1_235' title='bbox 1468 868 1665 940; x_wconf 77' lang='lat' dir='ltr'>Quodsi</span> <span class='ocrx_word' id='word_1_236' title='bbox 1693 866 1827 923; x_wconf 90' lang='lat' dir='ltr'>enim</span> <span class='ocrx_word' id='word_1_237' title='bbox 1858 867 2107 921; x_wconf 83' lang='lat' dir='ltr'>Tabulam</span> <span class='ocrx_word' id='word_1_238' title='bbox 2131 867 2358 922; x_wconf 86' lang='lat' dir='ltr'>Vitream</span> <span class='ocrx_word' id='word_1_239' title='bbox 2389 865 2588 940; x_wconf 86' lang='lat' dir='ltr'>Ligneae</span> 
     </span>
    </p>

    <p class='ocr_par' dir='ltr' id='par_1_17' title="bbox 1467 945 2587 1021">
     <span class='ocr_line' id='line_1_51' title="bbox 1467 945 2587 1021; baseline -0.002 -19"><span class='ocrx_word' id='word_1_240' title='bbox 1467 951 1566 1004; x_wconf 86' lang='lat' dir='ltr'>TV</span> <span class='ocrx_word' id='word_1_241' title='bbox 1613 945 1776 1021; x_wconf 84' lang='lat' dir='ltr'><strong>gypso</strong></span> <span class='ocrx_word' id='word_1_242' title='bbox 1814 948 2173 1019; x_wconf 82' lang='lat' dir='ltr'>agglutinatam</span> <span class='ocrx_word' id='word_1_243' title='bbox 2212 950 2264 1000; x_wconf 85' lang='lat'>&amp;</span> <span class='ocrx_word' id='word_1_244' title='bbox 2298 947 2360 1001; x_wconf 91' lang='lat' dir='ltr'>ad</span> <span class='ocrx_word' id='word_1_245' title='bbox 2403 947 2587 1020; x_wconf 90' lang='lat' dir='ltr'>politu-</span> 
     </span>
    </p>

    <p class='ocr_par' dir='ltr' id='par_1_18' title="bbox 1468 1022 2589 1099">
     <span class='ocr_line' id='line_1_52' title="bbox 1468 1022 2589 1099; baseline -0.001 -19"><span class='ocrx_word' id='word_1_246' title='bbox 1468 1045 1572 1081; x_wconf 87' lang='lat' dir='ltr'>ram</span> <span class='ocrx_word' id='word_1_247' title='bbox 1622 1023 1900 1099; x_wconf 72' lang='lat' dir='ltr'>dispositam</span> <span class='ocrx_word' id='word_1_248' title='bbox 1954 1026 2116 1099; x_wconf 85' lang='lat' dir='ltr'>Ligno</span> <span class='ocrx_word' id='word_1_249' title='bbox 2150 1025 2391 1098; x_wconf 78' lang='lat' dir='ltr'>politorio</span> <span class='ocrx_word' id='word_1_250' title='bbox 2443 1022 2589 1093; x_wconf 83' lang='lat' dir='ltr'>subji-</span> 
     </span>
    </p>

    <p class='ocr_par' dir='ltr' id='par_1_19' title="bbox 1468 1104 2591 1318">
     <span class='ocr_line' id='line_1_53' title="bbox 1469 1104 2591 1177; baseline 0.001 -18"><span class='ocrx_word' id='word_1_251' title='bbox 1469 1107 1567 1160; x_wconf 88' lang='lat' dir='ltr'>cias</span> <span class='ocrx_word' id='word_1_252' title='bbox 1594 1131 1609 1166; x_wconf 89' lang='lat'><em>;</em></span> <span class='ocrx_word' id='word_1_253' title='bbox 1650 1105 1886 1159; x_wconf 81' lang='lat' dir='ltr'>Machina</span> <span class='ocrx_word' id='word_1_254' title='bbox 1920 1105 2136 1177; x_wconf 86' lang='lat' dir='ltr'>Lignum</span> <span class='ocrx_word' id='word_1_255' title='bbox 2175 1105 2466 1176; x_wconf 85' lang='lat' dir='ltr'>politorium</span> <span class='ocrx_word' id='word_1_256' title='bbox 2492 1104 2591 1160; x_wconf 87' lang='lat' dir='ltr'>huc</span> 
     </span>
     <span class='ocr_line' id='line_1_54' title="bbox 1468 1183 2511 1260; baseline -0.001 -20"><span class='ocrx_word' id='word_1_257' title='bbox 1468 1185 1689 1260; x_wconf 90' lang='lat' dir='ltr'>illucque</span> <span class='ocrx_word' id='word_1_258' title='bbox 1717 1184 1968 1238; x_wconf 86' lang='lat' dir='ltr'>trahendo</span> <span class='ocrx_word' id='word_1_259' title='bbox 1994 1183 2242 1239; x_wconf 90' lang='lat' dir='ltr'>Tabulam</span> <span class='ocrx_word' id='word_1_260' title='bbox 2269 1184 2511 1256; x_wconf 84' lang='lat' dir='ltr'>expoliet.</span> 
     </span>
     <span class='ocr_line' id='line_1_55' title="bbox 1705 1264 2328 1318; baseline -0.002 0"><span class='ocrx_word' id='word_1_261' title='bbox 1705 1267 1901 1318; x_wconf 62' lang='lat' dir='ltr'>Puoss</span> <span class='ocrx_word' id='word_1_262' title='bbox 1929 1279 2130 1318; x_wconf 68' lang='lat' dir='ltr'>Lama</span> <span class='ocrx_word' id='word_1_263' title='bbox 2215 1264 2328 1318; x_wconf 87' lang='grc' dir='ltr'><strong>ΙΙΙ.</strong></span> 
     </span>
    </p>
   </div>
   <div class='ocr_carea' id='block_1_11' title="bbox 1550 1361 2591 1439">
    <p class='ocr_par' dir='ltr' id='par_1_20' title="bbox 1550 1361 2591 1439">
     <span class='ocr_line' id='line_1_56' title="bbox 1550 1361 2591 1439; baseline 0.002 -23"><span class='ocrx_word' id='word_1_264' title='bbox 1550 1378 1643 1429; x_wconf 80' lang='lat'>49.</span> <span class='ocrx_word' id='word_1_265' title='bbox 1684 1363 1770 1417; x_wconf 82' lang='lat' dir='ltr'>Ex</span> <span class='ocrx_word' id='word_1_266' title='bbox 1789 1362 1997 1417; x_wconf 78' lang='lat' dir='ltr'>Tabulis</span> <span class='ocrx_word' id='word_1_267' title='bbox 2014 1364 2195 1417; x_wconf 83' lang='lat' dir='ltr'>Vitreis</span> <span class='ocrx_word' id='word_1_268' title='bbox 2219 1367 2465 1438; x_wconf 60' lang='lat' dir='ltr'>laevtgatis</span> <span class='ocrx_word' id='word_1_269' title='bbox 2485 1361 2591 1439; x_wconf 82' lang='lat' dir='ltr'>Spe·</span> 
     </span>
    </p>
   </div>
   <div class='ocr_carea' id='block_1_12' title="bbox 1468 1445 2301 1591">
    <p class='ocr_par' dir='ltr' id='par_1_21' title="bbox 1468 1445 2301 1591">
     <span class='ocr_line' id='line_1_57' title="bbox 1468 1445 2042 1512; baseline -0.005 -13"><span class='ocrx_word' id='word_1_270' title='bbox 1468 1447 1577 1499; x_wconf 77' lang='lat' dir='ltr'>cula</span> <span class='ocrx_word' id='word_1_271' title='bbox 1603 1445 1769 1498; x_wconf 80' lang='lat' dir='ltr'>Plana</span> <span class='ocrx_word' id='word_1_272' title='bbox 1808 1445 2042 1512; x_wconf 76' lang='lat' dir='ltr'>conficere.</span> 
     </span>
     <span class='ocr_line' id='line_1_58' title="bbox 1750 1538 2301 1591; baseline -0.005 0"><span class='ocrx_word' id='word_1_273' title='bbox 1750 1538 1792 1591; x_wconf 92' lang='lat' dir='ltr'>R</span> <span class='ocrx_word' id='word_1_274' title='bbox 1823 1550 1846 1587; x_wconf 83' lang='grc' dir='ltr'>ε</span> <span class='ocrx_word' id='word_1_275' title='bbox 1881 1552 1902 1588; x_wconf 87' lang='lat' dir='ltr'><strong>s</strong></span> <span class='ocrx_word' id='word_1_276' title='bbox 1932 1553 1966 1588; x_wconf 96' lang='lat' dir='ltr'>o</span> <span class='ocrx_word' id='word_1_277' title='bbox 1993 1549 2022 1587; x_wconf 82' lang='lat' dir='ltr'><strong>L</strong></span> <span class='ocrx_word' id='word_1_278' title='bbox 2057 1551 2091 1588; x_wconf 82' lang='lat' dir='ltr'>u</span> <span class='ocrx_word' id='word_1_279' title='bbox 2125 1551 2159 1586; x_wconf 83' lang='grc' dir='ltr'><strong>τ</strong></span> <span class='ocrx_word' id='word_1_280' title='bbox 2189 1549 2207 1587; x_wconf 89' lang='lat'>1</span> <span class='ocrx_word' id='word_1_281' title='bbox 2242 1548 2301 1588; x_wconf 91' lang='lat' dir='ltr'>o.</span> 
     </span>
    </p>
   </div>
   <div class='ocr_carea' id='block_1_13' title="bbox 1478 1627 2607 3282">
    <p class='ocr_par' dir='ltr' id='par_1_22' title="bbox 1478 1627 2594 2023">
     <span class='ocr_line' id='line_1_59' title="bbox 1478 1627 2592 1705; baseline -0.007 -16"><span class='ocrx_word' id='word_1_282' title='bbox 1478 1650 1525 1692; x_wconf 90' lang='lat'>1.</span> <span class='ocrx_word' id='word_1_283' title='bbox 1566 1633 1727 1705; x_wconf 86' lang='lat' dir='ltr'>Super</span> <span class='ocrx_word' id='word_1_284' title='bbox 1782 1629 1983 1685; x_wconf 89' lang='lat' dir='ltr'>Tabula</span> <span class='ocrx_word' id='word_1_285' title='bbox 2032 1630 2224 1703; x_wconf 85' lang='lat' dir='ltr'>Lignea</span> <span class='ocrx_word' id='word_1_286' title='bbox 2277 1627 2592 1701; x_wconf 87' lang='lat' dir='ltr'>expandatur</span> 
     </span>
     <span class='ocr_line' id='line_1_60' title="bbox 1590 1708 2591 1780; baseline -0.005 -14"><span class='ocrx_word' id='word_1_287' title='bbox 1590 1712 1763 1766; x_wconf 86' lang='lat' dir='ltr'>charta</span> <span class='ocrx_word' id='word_1_288' title='bbox 1797 1708 1973 1764; x_wconf 89' lang='lat' dir='ltr'>bibula</span> <span class='ocrx_word' id='word_1_289' title='bbox 2013 1713 2063 1763; x_wconf 65' lang='grc' dir='ltr'>ὃς</span> <span class='ocrx_word' id='word_1_290' title='bbox 2102 1710 2314 1780; x_wconf 88' lang='lat' dir='ltr'>pulvere</span> <span class='ocrx_word' id='word_1_291' title='bbox 2360 1725 2591 1761; x_wconf 88' lang='lat' dir='ltr'>cretaceo</span> 
     </span>
     <span class='ocr_line' id='line_1_61' title="bbox 1588 1786 2593 1863; baseline -0.006 -16"><span class='ocrx_word' id='word_1_292' title='bbox 1588 1787 1982 1862; x_wconf 81' lang='lat' dir='ltr'>conspergatur:</span> <span class='ocrx_word' id='word_1_293' title='bbox 2020 1806 2127 1863; x_wconf 89' lang='lat' dir='ltr'>quo</span> <span class='ocrx_word' id='word_1_294' title='bbox 2177 1786 2342 1850; x_wconf 70' lang='lat' dir='ltr'>saeco,</span> <span class='ocrx_word' id='word_1_295' title='bbox 2396 1789 2593 1842; x_wconf 58' lang='lat' dir='ltr'>bractea</span> 
     </span>
     <span class='ocr_line' id='line_1_62' title="bbox 1590 1864 2594 1939; baseline -0.004 -13"><span class='ocrx_word' id='word_1_296' title='bbox 1590 1874 1804 1927; x_wconf 85' lang='lat' dir='ltr'>Stannea</span> <span class='ocrx_word' id='word_1_297' title='bbox 1850 1864 2006 1939; x_wconf 75' lang='lat' dir='ltr'>¹super</span> <span class='ocrx_word' id='word_1_298' title='bbox 2058 1868 2230 1922; x_wconf 85' lang='lat' dir='ltr'>charta</span> <span class='ocrx_word' id='word_1_299' title='bbox 2296 1866 2594 1922; x_wconf 59' lang='lat' dir='ltr'>exaeriffime</span> 
     </span>
     <span class='ocr_line' id='line_1_63' title="bbox 1591 1950 1888 2023; baseline -0.017 -18"><span class='ocrx_word' id='word_1_300' title='bbox 1591 1950 1888 2023; x_wconf 85' lang='lat' dir='ltr'>explicetur.</span> 
     </span>
    </p>

    <p class='ocr_par' dir='ltr' id='par_1_23' title="bbox 1478 2024 2594 2244">
     <span class='ocr_line' id='line_1_64' title="bbox 1478 2024 2594 2100; baseline -0.005 -14"><span class='ocrx_word' id='word_1_301' title='bbox 1478 2049 1530 2095; x_wconf 88' lang='lat'>2.</span> <span class='ocrx_word' id='word_1_302' title='bbox 1559 2027 1871 2086; x_wconf 86' lang='lat' dir='ltr'>Affundatur</span> <span class='ocrx_word' id='word_1_303' title='bbox 1898 2025 2175 2081; x_wconf 88' lang='lat' dir='ltr'>Mercurius</span> <span class='ocrx_word' id='word_1_304' title='bbox 2201 2025 2329 2100; x_wconf 89' lang='lat' dir='ltr'>pede</span> <span class='ocrx_word' id='word_1_305' title='bbox 2364 2024 2594 2100; x_wconf 88' lang='lat' dir='ltr'>leporino</span> 
     </span>
     <span class='ocr_line' id='line_1_65' title="bbox 1593 2105 2593 2180; baseline -0.006 -16"><span class='ocrx_word' id='word_1_306' title='bbox 1593 2125 1678 2165; x_wconf 90' lang='lat' dir='ltr'>aut</span> <span class='ocrx_word' id='word_1_307' title='bbox 1712 2106 1943 2180; x_wconf 79' lang='lat' dir='ltr'>goffypio</span> <span class='ocrx_word' id='word_1_308' title='bbox 1981 2125 2067 2179; x_wconf 88' lang='lat' dir='ltr'>per</span> <span class='ocrx_word' id='word_1_309' title='bbox 2099 2106 2353 2162; x_wconf 69' lang='lat' dir='ltr'>bracteam</span> <span class='ocrx_word' id='word_1_310' title='bbox 2394 2105 2593 2180; x_wconf 84' lang='lat' dir='ltr'>aequali-</span> 
     </span>
     <span class='ocr_line' id='line_1_66' title="bbox 1592 2187 2092 2244; baseline -0.006 0"><span class='ocrx_word' id='word_1_311' title='bbox 1592 2207 1668 2244; x_wconf 88' lang='lat' dir='ltr'>ter</span> <span class='ocrx_word' id='word_1_312' title='bbox 1706 2187 2092 2242; x_wconf 75' lang='lat' dir='ltr'>distribuendus·</span> 
     </span>
    </p>

    <p class='ocr_par' dir='ltr' id='par_1_24' title="bbox 1481 2263 2597 2482">
     <span class='ocr_line' id='line_1_67' title="bbox 1481 2263 2594 2339; baseline -0.006 -16"><span class='ocrx_word' id='word_1_313' title='bbox 1481 2284 1532 2337; x_wconf 87' lang='lat'>3.</span> <span class='ocrx_word' id='word_1_314' title='bbox 1569 2269 1785 2326; x_wconf 66' lang='lat' dir='ltr'>Brad‘ceae</span> <span class='ocrx_word' id='word_1_315' title='bbox 1825 2284 1992 2339; x_wconf 87' lang='lat' dir='ltr'>penna</span> <span class='ocrx_word' id='word_1_316' title='bbox 2043 2281 2264 2339; x_wconf 86' lang='lat' dir='ltr'>purgatae</span> <span class='ocrx_word' id='word_1_317' title='bbox 2309 2263 2594 2336; x_wconf 89' lang='lat' dir='ltr'>imponatur</span> 
     </span>
     <span class='ocr_line' id='line_1_68' title="bbox 1600 2344 2597 2403; baseline -0.006 -1"><span class='ocrx_word' id='word_1_318' title='bbox 1600 2349 1774 2403; x_wconf 90' lang='lat' dir='ltr'>charta</span> <span class='ocrx_word' id='word_1_319' title='bbox 1799 2344 2051 2399; x_wconf 78' lang='lat' dir='ltr'>munda&amp;</span> <span class='ocrx_word' id='word_1_320' title='bbox 2067 2344 2184 2398; x_wconf 80' lang='lat' dir='ltr'>huic</span> <span class='ocrx_word' id='word_1_321' title='bbox 2208 2345 2406 2400; x_wconf 87' lang='lat' dir='ltr'>Tabula</span> <span class='ocrx_word' id='word_1_322' title='bbox 2423 2345 2597 2399; x_wconf 86' lang='lat' dir='ltr'>Vitrea</span> 
     </span>
     <span class='ocr_line' id='line_1_69' title="bbox 1598 2422 2247 2482; baseline -0.008 0"><span class='ocrx_word' id='word_1_323' title='bbox 1598 2428 1751 2482; x_wconf 91' lang='lat' dir='ltr'>linteo</span> <span class='ocrx_word' id='word_1_324' title='bbox 1792 2424 1985 2479; x_wconf 87' lang='lat' dir='ltr'>mundo</span> <span class='ocrx_word' id='word_1_325' title='bbox 2019 2422 2247 2478; x_wconf 84' lang='lat' dir='ltr'>abstersa.</span> 
     </span>
    </p>

    <p class='ocr_par' dir='ltr' id='par_1_25' title="bbox 1482 2501 2603 2975">
     <span class='ocr_line' id='line_1_70' title="bbox 1482 2501 2598 2587; baseline -0.009 -22"><span class='ocrx_word' id='word_1_326' title='bbox 1482 2536 1535 2587; x_wconf 66' lang='lat'>4,</span> <span class='ocrx_word' id='word_1_327' title='bbox 1554 2509 1712 2564; x_wconf 88' lang='lat' dir='ltr'>Manu</span> <span class='ocrx_word' id='word_1_328' title='bbox 1740 2505 1920 2559; x_wconf 81' lang='lat' dir='ltr'>sinistra</span> <span class='ocrx_word' id='word_1_329' title='bbox 1944 2504 2141 2559; x_wconf 82' lang='lat' dir='ltr'>Tabula</span> <span class='ocrx_word' id='word_1_330' title='bbox 2157 2506 2331 2557; x_wconf 86' lang='lat' dir='ltr'>Vitrea</span> <span class='ocrx_word' id='word_1_331' title='bbox 2355 2501 2598 2576; x_wconf 84' lang='lat' dir='ltr'>apprima-</span> 
     </span>
     <span class='ocr_line' id='line_1_71' title="bbox 1600 2582 2599 2642; baseline -0.005 -1"><span class='ocrx_word' id='word_1_332' title='bbox 1600 2605 1680 2641; x_wconf 90' lang='lat' dir='ltr'>tur</span> <span class='ocrx_word' id='word_1_333' title='bbox 1708 2591 1759 2642; x_wconf 68' lang='grc' dir='ltr'>ὃς</span> <span class='ocrx_word' id='word_1_334' title='bbox 1791 2586 1967 2640; x_wconf 86' lang='lat' dir='ltr'>dextra</span> <span class='ocrx_word' id='word_1_335' title='bbox 1996 2584 2164 2637; x_wconf 83' lang='lat' dir='ltr'>charta</span> <span class='ocrx_word' id='word_1_336' title='bbox 2200 2583 2332 2637; x_wconf 89' lang='lat' dir='ltr'>lente</span> <span class='ocrx_word' id='word_1_337' title='bbox 2371 2582 2599 2637; x_wconf 81' lang='lat' dir='ltr'>extraha-</span> 
     </span>
     <span class='ocr_line' id='line_1_72' title="bbox 1602 2658 2600 2738; baseline -0.006 -18"><span class='ocrx_word' id='word_1_338' title='bbox 1602 2683 1706 2721; x_wconf 86' lang='lat' dir='ltr'>tur:</span> <span class='ocrx_word' id='word_1_339' title='bbox 1745 2683 1852 2738; x_wconf 84' lang='lat' dir='ltr'>quo</span> <span class='ocrx_word' id='word_1_340' title='bbox 1888 2662 2022 2719; x_wconf 79' lang='lat' dir='ltr'>fac&#39;to</span> <span class='ocrx_word' id='word_1_341' title='bbox 2055 2663 2252 2717; x_wconf 90' lang='lat' dir='ltr'>Tabula</span> <span class='ocrx_word' id='word_1_342' title='bbox 2277 2662 2448 2716; x_wconf 90' lang='lat' dir='ltr'>charta</span> <span class='ocrx_word' id='word_1_343' title='bbox 2473 2658 2600 2715; x_wconf 87' lang='lat' dir='ltr'>cras-</span> 
     </span>
     <span class='ocr_line' id='line_1_73' title="bbox 1603 2736 2602 2815; baseline -0.006 -14"><span class='ocrx_word' id='word_1_344' title='bbox 1603 2745 1715 2801; x_wconf 75' lang='lat' dir='ltr'>fiori</span> <span class='ocrx_word' id='word_1_345' title='bbox 1741 2746 1871 2799; x_wconf 56' lang='lat' dir='ltr'>tedia</span> <span class='ocrx_word' id='word_1_346' title='bbox 1897 2742 2124 2815; x_wconf 89' lang='lat' dir='ltr'>pondere</span> <span class='ocrx_word' id='word_1_347' title='bbox 2157 2758 2421 2803; x_wconf 82' lang='lat' dir='ltr'>oneretur,</span> <span class='ocrx_word' id='word_1_348' title='bbox 2450 2759 2505 2796; x_wconf 92' lang='lat' dir='ltr'>ut</span> <span class='ocrx_word' id='word_1_349' title='bbox 2530 2736 2602 2795; x_wconf 92' lang='lat' dir='ltr'>su-</span> 
     </span>
     <span class='ocr_line' id='line_1_74' title="bbox 1605 2821 2603 2901; baseline -0.006 -22"><span class='ocrx_word' id='word_1_350' title='bbox 1605 2827 1851 2901; x_wconf 86' lang='lat' dir='ltr'>perfluum</span> <span class='ocrx_word' id='word_1_351' title='bbox 1881 2821 2116 2876; x_wconf 88' lang='lat' dir='ltr'>Mercurii</span> <span class='ocrx_word' id='word_1_352' title='bbox 2142 2837 2367 2875; x_wconf 86' lang='lat' dir='ltr'>arceatur</span> <span class='ocrx_word' id='word_1_353' title='bbox 2393 2822 2603 2875; x_wconf 85' lang='lat' dir='ltr'>&amp;Stan-</span> 
     </span>
     <span class='ocr_line' id='line_1_75' title="bbox 1604 2899 2484 2975; baseline -0.006 -16"><span class='ocrx_word' id='word_1_354' title='bbox 1604 2923 1723 2959; x_wconf 88' lang='lat' dir='ltr'>num</span> <span class='ocrx_word' id='word_1_355' title='bbox 1747 2902 1969 2975; x_wconf 87' lang='lat' dir='ltr'>Speculo</span> <span class='ocrx_word' id='word_1_356' title='bbox 2000 2901 2180 2955; x_wconf 86' lang='lat' dir='ltr'>certius</span> <span class='ocrx_word' id='word_1_357' title='bbox 2213 2899 2484 2955; x_wconf 84' lang='lat' dir='ltr'>adhaereat.</span> 
     </span>
    </p>

    <p class='ocr_par' dir='ltr' id='par_1_26' title="bbox 1496 2979 2607 3199">
     <span class='ocr_line' id='line_1_76' title="bbox 1496 2979 2605 3059; baseline -0.008 -19"><span class='ocrx_word' id='word_1_358' title='bbox 1496 3003 1544 3059; x_wconf 85' lang='grc' dir='ltr'>ς.</span> <span class='ocrx_word' id='word_1_359' title='bbox 1569 2984 1683 3043; x_wconf 88' lang='lat' dir='ltr'>Ubi</span> <span class='ocrx_word' id='word_1_360' title='bbox 1703 2982 2001 3038; x_wconf 84' lang='lat' dir='ltr'>exliccatum</span> <span class='ocrx_word' id='word_1_361' title='bbox 2025 2979 2193 3045; x_wconf 82' lang='lat' dir='ltr'>fuerit,</span> <span class='ocrx_word' id='word_1_362' title='bbox 2221 2979 2419 3052; x_wconf 88' lang='lat' dir='ltr'>pondus</span> <span class='ocrx_word' id='word_1_363' title='bbox 2445 2996 2605 3032; x_wconf 87' lang='lat' dir='ltr'>remo-</span> 
     </span>
     <span class='ocr_line' id='line_1_77' title="bbox 1607 3058 2607 3135; baseline -0.004 -18"><span class='ocrx_word' id='word_1_364' title='bbox 1607 3079 1809 3118; x_wconf 88' lang='lat' dir='ltr'>veatur:</span> <span class='ocrx_word' id='word_1_365' title='bbox 1848 3061 2046 3135; x_wconf 87' lang='lat' dir='ltr'>eritque</span> <span class='ocrx_word' id='word_1_366' title='bbox 2084 3059 2353 3134; x_wconf 90' lang='lat' dir='ltr'>Speculum</span> <span class='ocrx_word' id='word_1_367' title='bbox 2399 3058 2607 3113; x_wconf 89' lang='lat' dir='ltr'>Planum</span> 
     </span>
     <span class='ocr_line' id='line_1_78' title="bbox 1614 3140 1921 3199; baseline -0.01 0"><span class='ocrx_word' id='word_1_368' title='bbox 1614 3140 1921 3199; x_wconf 67' lang='lat' dir='ltr'>confestum.</span> 
     </span>
    </p>

    <p class='ocr_par' dir='ltr' id='par_1_27' title="bbox 1814 3228 2305 3282">
     <span class='ocr_line' id='line_1_79' title="bbox 1814 3228 2305 3282; baseline -0.014 0"><span class='ocrx_word' id='word_1_369' title='bbox 1814 3228 1848 3282; x_wconf 88' lang='lat' dir='ltr'>S</span> <span class='ocrx_word' id='word_1_370' title='bbox 1875 3244 1906 3280; x_wconf 85' lang='lat' dir='ltr'>c</span> <span class='ocrx_word' id='word_1_371' title='bbox 1937 3241 1974 3278; x_wconf 82' lang='lat' dir='ltr'>H</span> <span class='ocrx_word' id='word_1_372' title='bbox 2000 3243 2036 3277; x_wconf 93' lang='lat' dir='ltr'>o</span> <span class='ocrx_word' id='word_1_373' title='bbox 2065 3238 2098 3277; x_wconf 88' lang='lat'>1.</span> <span class='ocrx_word' id='word_1_374' title='bbox 2127 3239 2146 3276; x_wconf 91' lang='lat'>1</span> <span class='ocrx_word' id='word_1_375' title='bbox 2175 3238 2212 3277; x_wconf 93' lang='lat' dir='ltr'>o</span> <span class='ocrx_word' id='word_1_376' title='bbox 2244 3231 2305 3275; x_wconf 71' lang='grc' dir='ltr'>Ν.</span> 
     </span>
    </p>
   </div>
   <div class='ocr_carea' id='block_1_14' title="bbox 1566 3299 2616 3371">
    <p class='ocr_par' dir='ltr' id='par_1_28' title="bbox 1566 3299 2616 3371">
     <span class='ocr_line' id='line_1_80' title="bbox 1566 3299 2616 3371; baseline -0.009 -16"><span class='ocrx_word' id='word_1_377' title='bbox 1566 3324 1584 3367; x_wconf 93' lang='lat'><em>5</em></span> <span class='ocrx_word' id='word_1_378' title='bbox 1596 3308 1814 3371; x_wconf 60' lang='lat' dir='ltr'>02Aliqui</span> <span class='ocrx_word' id='word_1_379' title='bbox 1831 3306 2048 3354; x_wconf 83' lang='lat' dir='ltr'>Mercurii</span> <span class='ocrx_word' id='word_1_380' title='bbox 2058 3305 2234 3351; x_wconf 85' lang='lat' dir='ltr'>unciam</span> <span class='ocrx_word' id='word_1_381' title='bbox 2245 3318 2375 3349; x_wconf 84' lang='lat' dir='ltr'>unam</span> <span class='ocrx_word' id='word_1_382' title='bbox 2385 3299 2616 3359; x_wconf 80' lang='lat' dir='ltr'>admiscent</span> 
     </span>
    </p>
   </div>
   <div class='ocr_carea' id='block_1_15' title="bbox 1495 3367 2618 3483">
    <p class='ocr_par' dir='ltr' id='par_1_29' title="bbox 1495 3367 2618 3483">
     <span class='ocr_line' id='line_1_81' title="bbox 1495 3367 2618 3483; baseline -0.01 -59"><span class='ocrx_word' id='word_1_383' title='bbox 1495 3380 1626 3426; x_wconf 76' lang='lat' dir='ltr'>unciae</span> <span class='ocrx_word' id='word_1_384' title='bbox 1648 3379 1836 3426; x_wconf 65' lang='lat' dir='ltr'>dimidiae</span> <span class='ocrx_word' id='word_1_385' title='bbox 1847 3371 2124 3433; x_wconf 77' lang='lat' dir='ltr'>Marchafitae</span> <span class='ocrx_word' id='word_1_386' title='bbox 2139 3374 2195 3420; x_wconf 88' lang='lat' dir='ltr'>ad</span> <span class='ocrx_word' id='word_1_387' title='bbox 2215 3373 2357 3434; x_wconf 81' lang='lat' dir='ltr'>ignem</span> <span class='ocrx_word' id='word_1_388' title='bbox 2377 3367 2618 3483; x_wconf 56' lang='lat' dir='ltr'>liquefagae</span> 
     </span>
    </p>
   </div>
  </div>
 </body>
</html>
