2713 3769
335 183 452 237 292
678 160 2366 223 ELEMENTASPHAERICORUM.

345 300 515 371 rium
575 296 766 395 igitur
820 293 1013 373 duxi,
1095 319 1168 366 ut
1234 293 1544 390 praeci‘pua
1617 320 1690 364 ex
1752 293 2075 389 Sphaericis
2146 299 2669 374 THEoDosrr

343 403 821 495 Theoremata‚
884 395 1180 493 quamvis
1228 397 1349 468 alia
1396 396 1778 495 plerumque
1824 398 2115 475 ratione,
2163 397 2674 478 demonstrarem

345 514 417 575 ὅ(
474 531 599 573 una
648 500 1153 599 Triangulo'rum
1207 499 1680 595 Spliaericorum
1755 499 2173 595 proprietates
2244 502 2664 595 explicarem,

338 608 676 704 :praesertim
730 632 881 676 cum
944 604 1268 701 utriusque
1314 603 1644 674 Doctrinae
1699 603 1781 673 ad
1816 617 2196 674 accuratam
2252 607 2713 703 Astronomiae,

339 711 659 806 Sphaericae
709 708 1197 779 Tractationem
1240 734 1378 776 non
1429 707 1646 776 minor
1699 705 1813 783 fit,
1867 733 2069 804 quam
2112 705 2297 800 ipsius
2347 712 2666 808 Trigono-
2710 707 2711 798 l

336 814 577 884 metriae
627 811 953 905 Splioericae
990 797 1155 880 usus
1267 807 1735 905 Sphaericorum
1772 806 2109 879 Elementa
2149 836 2301 880 cum
2347 814 2711 912 Trigono-

334 917 560 986 metria
605 913 908 1008 Spliaeri‘ca
966 913 1333 1008 conjunxi,
1399 929 1484 981 ne
1541 938 1852 982 numerus
1895 911 2391 1006 Disciplinarum
2450 943 2666 1010 praeter

330 1021 759 1090 neceffitatem
806 1016 1346 1118 multiplicaretur.
1460 1015 1575 1086 Ob
1615 1017 1947 1114 ingentem
1996 1042 2349 1086 numerum
2403 1020 2664 1093 casuum

330 1119 855 1220 Trigonometria
893 1114 1218 1213 Sphaerica
1265 1119 1466 1217 vulgo
1493 1119 1863 1188 admodum
1905 1117 2172 1189 difficilis
2212 1118 2516 1210 habetur3
2562 1123 2673 1194 sed

331 1253 605 1295 omnem
681 1221 1128 1293 difficultatem
1205 1250 1242 1293 3
1320 1250 1427 1292 me
1494 1221 1629 1291 subl
1632 1247 1810 1291 atam
1873 1210 1988 1291 effe
2076 1221 2235 1290 mihi
2298 1222 2658 1316 persuadeo.
2704 1290 2705 1294 ,

331 1338 568 1425 Neque
620 1328 794 1399 enim
842 1324 1051 1395 solum
1108 1326 1418 1401 ostendo,
1472 1326 1826 1422 quomodo
1883 1351 1992 1419 per
2030 1324 2347 1423 Regulam
2388 1326 2672 1400 Sinuum

330 1457 524 1529 atque
554 1430 995 1557 Tangentium
1041 1427 1350 1498 omnibus
1380 1426 1890 1525 Triangulorum
1933 1426 2486 1526 Rectangulorurn
2523 1432 2703 1501 cafi-

331 1536 450 1605 bus
488 1534 714 1605 sauss
647 1560 737 1605 at
787 1545 972 1604 more
1002 1531 1300 1647 vulgari:
1340 1544 1571 1601 verum
1627 1531 1821 1601 etiam
1871 1486 2222 1628 Regulam&
2241 1542 2381 1602 vere
2415 1533 2664 1604 Catho-

330 1630 520 1709 Iicam
567 1665 870 1750 propono
915 1642 1247 1705 memonae
1293 1634 1483 1706 facile
1525 1634 2009 1711 mandandam,
2057 1661 2187 1730 qua
2232 1632 2296 1702 in
2327 1637 2701 1734 Trigono-

330 1740 557 1812 metria
593 1767 730 1810 non
772 1740 985 1809 minus
1038 1738 1260 1815 Plana,
1319 1766 1521 1835 quam
1563 1736 1869 1834 Sphaerica
1913 1764 2136 1807 omnia
2195 1737 2271 1806 de
2302 1739 2665 1851 Triangulis-

330 1843 742 1958 Rectangulis
804 1840 1215 1914 Problemata
1284 1841 1637 1914 solvuntur.
1772 1839 2121 1939 Triangula
2175 1838 2709 1941 Obliquangula·

332 1975 470 2019 non
516 1974 743 2044 majori
803 1972 993 2041 opera
1036 1944 1426 2022 lolvuntur,
1492 1971 1694 2041 quarn
1750 1943 1814 2013 in
1856 1901 2387 2041 Trigonometria
2418 1947 2653 2024 Plana,

332 2054 421 2123 ita
452 2074 540 2121 ut
593 2049 934 2122 Problema
994 2048 1302 2118 omnium
1355 2034 1863 2123 difficillimum,
1928 2074 2065 2145 quo
2120 2072 2200 2116 ex
2248 2048 2421 2118 datis
2455 2047 2669 2119 tribus

329 2153 662 2228 lateribus
716 2152 958 2252 Anguli
1015 2153 1501 2250 investigantur,
1561 2179 1706 2222 non
1771 2149 1917 2246 plus
1972 2151 2217 2249 negotii
2282 2150 2531 2222 facessat·
2586 2151 2662 2223 in

330 2259 865 2358 Trigonometria
905 2254 1211 2350 Sphaerica
1266 2283 1466 2353 ouam
1514 2257 1579 2325 in
1620 2256 1829 2326 Plana.
1941 2254 2060 2325 Etsi
2118 2279 2270 2323 vero
2301 2282 2440 2325 non
2490 2281 2660 2350 opus

331 2363 447 2433 effe
502 2362 828 2435 videatur,
875 2383 947 2429 ut
986 2386 1061 2428 ex
1099 2358 1491 2429 Elementis
1479 2359 1938 2454 pliaericorum
1973 2357 2198 2427 onmia
2227 2357 2290 2426 ei
2334 2360 2658 2453 perspecta:

326 2466 495 2546 sint,
555 2466 669 2563 qui
717 2462 989 2564 Regulas
1042 2463 1583 2564 Trigonometriae
1630 2461 1951 2556 Spliaericae
1987 2460 2098 2530 fibi
2144 2460 2479 2531 familiares
2519 2461 2658 2531 red-

327 2570 473 2640 dere
526 2596 877 2683 earumque
932 2568 1266 2638 veritatem
1323 2566 1561 2636 intueri
1640 2564 2037 2635 decreverit
2024 2620 2044 2651 ‚
2127 2563 2374 2662 integra
2426 2588 2660 2635 tamen

322 2673 642 2771 perlegisse
700 2675 904 2768 juvat,
943 2668 1093 2767 quia
1150 2672 1214 2739 in
1261 2671 1328 2740 iis
1384 2669 1547 2739 nihil
1585 2669 1985 2746 continetur,
2039 2667 2147 2737 nifi
2203 2667 2394 2763 quod
2431 2667 2528 2736 vel
2567 2664 2683 2736 ad

319 2777 760 2873 subsequentia
798 2774 1338 2851 demonstranda,
1370 2772 1481 2844 vel
1521 2774 1600 2843 ad
1642 2779 1889 2844 Partem
1929 2771 2355 2858 Astronomiae
2389 2768 2656 2864 Sphaeri-

316 2907 460 2950 cam
521 2879 909 2952 firmandam
949 2877 1297 2949 conducat.
1412 2883 1738 2947 Caeterum
1785 2879 2008 2944 omnia
2047 2873 2109 2943 in
2159 2872 2252 2942 his
2302 2870 2713 2955 ΕΙειιιεῐιῑί3]ι

313 2982 553 3052 facilius
628 2981 1110 3079 intelligentur,
1178 2981 1218 3049 fi
1286 2980 1364 3050 ad
1426 3006 1657 3050 manus
1723 2977 1913 3048 fuerit
1954 2977 2206 3071 Sphaera
2251 3002 2325 3047 ex
2381 2972 2713 3048 ΟῐιειιΙί3Η

311 3086 568 3185 ligneis
627 3085 737 3160 vel
794 3082 1161 3156 Chartaceis
1212 3085 1268 3154 se
1319 3106 1558 3153 mutuo
1627 3083 1994 3153 intersecant
2002 3079 2184 3155 ibus,
2262 3086 2681 3174 compacta,

309 3195 489 3288 cujus
532 3191 839 3264 structura
894 3216 969 3262 ex
1015 3189 1243 3287 Figura
1296 3186 1597 3287 vigefima
1648 3185 1868 3287 quinta
1925 3185 2065 3256 satis
2104 3182 2459 3257 manifesta.
2670 3216 2713 3295 l?

2192 3299 2713 3430 ELEMEN-l‘
