2713 3769
276 224 391 277 '124

287 358 338 412 3.
363 346 421 399 In
458 338 653 415 singulis
702 336 1048 395 loculamentis
1084 334 1398 389 collocentur

404 422 618 490 objeeta
642 416 860 480 diversa,
900 433 1115 490 quorum
1151 414 1399 487 Imagines

406 498 438 555 ὲ
464 501 686 573 Speculis
714 496 821 553 sunt
847 493 1158 551 exhibendae.

290 594 343 645 4.
372 581 640 652 Operiatur
668 578 887 648 denique
923 572 1116 628 Cistula
1145 569 1399 624 membra-

407 678 473 713 na
490 658 622 713 tenui
643 655 911 731 pellucida‚
929 667 982 707 ut
1007 651 1204 707 Lumini
1229 649 1277 702 in
1291 666 1400 702 eam

410 738 573 793 aditus
598 751 786 810 pateat.

292 850 550 926 Qoniam
601 846 849 920 Imagines
895 846 1224 913 Objed’torum
1275 841 1401 895 intra

292 930 504 1004 angulos
530 929 857 999 Speculorum
878 925 1146 998 politorum
1173 922 1401 992 multipli-

293 1025 471 1064 cantur
501 1011 551 1061 &
581 1005 685 1059 aliae
711 1004 813 1058 aliis
840 1004 1131 1058 remotiores
1162 1014 1404 1075 apparent

295 1086 378 1158 (§.
414 1085 559 1155 106)
592 1107 603 1137 ε
657 1101 767 1157 quae
810 1100 962 1137 unum
1011 1081 1404 1136 loculamentum

295 1180 573 1239 occupant,
600 1164 758 1232 majus
784 1159 988 1234 spatium
1020 1162 1209 1235 replere
1230 1155 1404 1212 viden-

296 1260 409 1308 tur,
438 1261 587 1317 quam
626 1245 815 1314 integra
851 1241 1041 1296 Cistula
1078 1237 1404 1312 comprehen—

299 1322 389 1378 dit.
474 1321 669 1393 Qodfi
710 1320 855 1392 igitur
881 1339 965 1392 per
994 1338 1145 1373 unum
1179 1317 1403 1371 foramen

296 1398 598 1473 introspicias
621 1421 633 1459 3
676 1399 863 1453 nonnil}
900 1399 1113 1467 Objecta
1139 1399 1185 1450 in
1210 1416 1310 1449 uno
1335 1396 1406 1447 lo-

299 1482 587 1536 culamento
618 1477 774 1553 polita
805 1478 850 1531 in
869 1478 1091 1549 Speculis
1116 1473 1403 1548 conspicies,

298 1557 380 1613 sed
415 1558 551 1631 quasi
590 1560 831 1630 integram
868 1558 1113 1611 Cistulam
1153 1555 1406 1629 replentia.
1462 1595 1466 1645 ὃ

299 1643 394 1693 Per
439 1638 573 1691 aliud
626 1655 745 1691 vero
797 1636 1022 1690 fi.»ra1nen
1073 1635 1409 1707 introspiciens

301 1718 512 1785 Objecta
532 1718 578 1769 in
607 1719 706 1771 alio
725 1716 1066 1768 loculamento
1096 1713 1250 1787 polita
1272 1717 1321 1767 &
1348 1712 1411 1766 ab

301 1797 391 1851 illis
423 1793 639 1858 diversa,
668 1815 755 1866 per
792 1798 1211 1868 σοηβνιιὲῗίαηενη,
1242 1791 1413 1846 denuo

302 1874 437 1946 quali
470 1892 559 1947 per
584 1872 825 1929 Cistulam
860 1875 1104 1948 integram
1142 1869 1315 1928 diffusa
1346 1872 1415 1926 vi-

304 1954 461 2009 debis·
520 1957 581 2009 Et
609 1953 676 2007 ita
712 1972 885 2026 portu.

570 2112 1041 2167 SCHoLloN
1107 2112 1147 2166 Ι.

383 2272 402 2304 1
418 2274 491 2302 20.
523 2258 689 2306 Charta
709 2261 973 2320 Pergamena
990 2290 1003 2310 ,
1031 2273 1114 2319 qua
1141 2269 1348 2320 teguntur
1368 2255 1419 2314 if-

311 2325 511 2382 eiusmodi
532 2326 744 2372 Machinae
766 2328 1018 2386 Catoptricae
1038 2358 1050 2377 ,
1092 2326 1303 2388 pellucidu
1320 2326 1419 2370 red-

312 2396 435 2441 ditur
451 2425 465 2445 ,
475 2392 511 2451 fi
529 2393 768 2456 {aliquoties
794 2395 838 2439 in
865 2393 1022 2440 lixivio
1039 2394 1166 2439 valde
1183 2393 1298 2439 claro
1311 2391 1420 2450 sem-

308 2472 470 2525 perque
497 2473 663 2508 mutato
690 2462 746 2508 Θ
766 2460 918 2506 ultima
939 2464 1111 2506 tandem
1132 2463 1227 2506 vice
1243 2463 1287 2506 in
1309 2475 1420 2522 aqua

305 2527 489 2589 fimana
521 2529 719 2579 elvatur,
753 2527 963 2590 clavzfilue
980 2527 1152 2574 Tabula&
1173 2529 1318 2589 ligueae
1342 2540 1418 2572 aur

313 2596 489 2655 Regulis
510 2596 661 2656 ligneis
678 2593 925 2654 affixaA'e'ri
943 2608 1258 2658 exponatur,ut
1274 2591 1417 2651 rursus

311 2661 559 2721 exsiccetur.
593 2661 766 2725 Qodfi
785 2663 965 2709 colorem
981 2666 1181 2709 inducere
1198 2662 1416 2714 volueris,
1472 2662 1477 2734 j

309 2732 365 2777 R.
399 2734 440 2775 Ρ.
477 2731 617 2776 ZAHN
650 2730 713 2787 (a)
737 2743 816 2792 pro
848 2732 986 2777 viridi
1012 2733 1280 2777 commendat
1310 2745 1417 2775 aeru-

304 2800 481 2858 ginem,
509 2799 657 2842 addito
683 2798 877 2859 pauxillo
908 2800 1068 2844 viridis
1099 2797 1272 2855 futuri,
1294 2810 1415 2843 aceto

309 2866 583 2919 contritam5
609 2877 688 2925 pro
717 2863 847 2911 rubeo
882 2866 1094 2912 decoctum
1128 2865 1236 2925 ligni
1269 2863 1418 2922 Brafi-

308 2931 418 2978 liani
443 2947 453 2981 ;
476 2944 555 2993 pro
593 2931 767 2977 coeruleo
788 2931 956 2988 succum
994 2933 1310 2994 myrtillorum3
1335 2944 1416 2993 pro
1471 2928 1475 2971 l

301 2997 425 3057 flavo
455 2997 668 3045 decoc'lum
701 3014 753 3044 ex
783 2998 923 3045 baccis
951 3002 1142 3046 lemni
1170 2999 1299 3057 mense
1320 3001 1416 3045 Au·-

300 3065 422 3127 gusto
445 3065 636 3112 collcffis.
687 3064 895 3123 Observczt
921 3070 1080 3119 etiam,
1113 3064 1414 3113 Membrananz

298 3133 426 3192 super
456 3133 681 3180 Machinis
720 3132 944 3194 expansam
977 3135 1151 3180 vernice
1187 3135 1416 3194 aliquoties

307 3199 633 3251 illinirdebere,
674 3213 722 3246 ut
744 3200 964 3263 splendida
991 3204 1165 3249 evadat.
1217 3203 1416 3250 Utuntur

307 3270 441 3315 etiam
467 3269 633 3315 Charta
654 3267 742 3315 oleo
773 3267 905 3316 illita.

356 3410 432 3456 (a)
467 3414 512 3451 In
533 3411 669 3467 Oculo
686 3410 878 3453 artificiali
912 3410 1084 3466 fundam.
1105 3423 1142 3463 3.-
1166 3412 1356 3469 syntagm.
1378 3420 1415 3463 ς.

306 3475 342 3505 c.
369 3474 403 3512 4.
423 3462 636 3505 technam.
654 3474 689 3513 3.
715 3476 846 3505 annot.
866 3474 902 3512 3.
930 3464 955 3502 l.
989 3475 1143 3516 m0725.

637 201 1329 267 ELEMENTA
1425 192 2260 259 CATOPTRICAE.

1768 330 2228 383 SCHOLION
2298 323 2384 380 11.

1595 446 1703 482 121.
1738 432 1912 498 Qodfi
1947 434 1993 479 in
2016 430 2175 487 cistula
2195 432 2412 491 Imagines
2430 428 2631 486 monstro-

1514 499 1565 560 [ιε
1594 513 1803 564 apparere
1831 499 1985 547 debent
2005 522 2020 554 ;
2044 498 2179 560 facile
2195 500 2240 545 id
2256 497 2408 559 efficies
2431 513 2516 561 per
2535 502 2629 545 Co·-

1523 567 1711 614 rollaria
1743 584 1782 627 5.
1812 575 1856 616 6.
1891 583 1937 622 7.
1967 566 2219 615 Theorem.
2254 573 2315 611 26
2338 567 2424 621 (§.
2457 568 2629 613 112.&

1522 633 1685 696 seqq.)

1665 727 2075 782 THEoRnM
2110 741 2141 777 A
2222 725 2484 780 XXVII.

1609 844 1732 890 122.
1770 830 1827 885 Si
1852 834 1942 885 duo
1968 830 2166 903 Specula
2189 828 2279 882 BC
2306 827 2365 889 ῤ’
2394 829 2490 883 DE
2507 827 2624 896 fue-
2691 842 2713 890 11

1522 917 1626 967 rim
1644 913 1885 981 parallela
1904 909 1963 969 (θ’
1984 909 2234 980 Objec‘lum
2259 914 2315 961 in
2340 907 2387 960 A
2409 947 2419 967 ,
2445 908 2626 962 Oculus

2701 912 2713 956 1

1522 998 1577 1045 in
1603 994 1681 1047 03
1723 992 1819 1043 duae
1843 989 2144 1042 videbuntur
2163 989 2314 1058 series
2357 988 2628 1061 Imaginum
2692 977 2713 1038 ⁷¹}

1522 1075 1577 1124 in
1614 1072 1862 1138 infinitum
1887 1081 2211 1123 excurrentes.

1695 1183 2441 1241 DEMONSTRATIO.

1621 1299 1853 1354 Ducatur
1889 1307 1986 1357 KH
2024 1305 2086 1358 ad
2112 1301 2363 1377 speculum
2397 1306 2492 1360 ΕΙ)
2527 1322 2640 1380 pers

1525 1375 1880 1449 pendicularis;
1911 1384 2003 1437 erit
2026 1384 2199 1438 eadem
2225 1384 2291 1438 ad
2317 1386 2409 1439 CB
2431 1403 2637 1456 perpen-

1527 1456 1754 1509 dicularis
1797 1457 1818 1528 (
1846 1465 1891 1520 §.
1919 1475 2044 1530 230.
2081 1462 2315 1533 (kam).
2400 1465 2505 1517 Fiat
2536 1465 2636 1518 DF

1526 1537 1719 1589 :AD
1737 1576 1750 1596 2
1780 1542 1831 1592 ὃ(
1858 1558 1920 1593 ex
1947 1543 1983 1593 Ρ
2013 1544 2059 1595 in
2096 1546 2144 1595 H
2169 1540 2389 1613 indeque
2413 1560 2566 1614 porro
2590 1542 2639 1596 in

1529 1612 1770 1668 infinitum
1817 1620 2136 1674 transferatur
2173 1620 2382 1693 duplum
2414 1622 2640 1675 interval-

1530 1695 1630 1747 lum
1652 1693 1886 1750 distantiae
1912 1700 2239 1770 Speculorum
2267 1704 2358 1754 BD
2377 1739 2391 1761 ,
2418 1701 2640 1772 itemque

1531 1790 1593 1825 ex
1635 1774 1682 1825 A
1710 1775 1756 1827 in
1785 1777 1831 1829 G
1852 1816 1864 1833 ,
1906 1782 1954 1832 &
1982 1778 2097 1832 inde
2124 1797 2276 1850 porro
2302 1781 2348 1832 in
2378 1778 2638 1833 infinitum.

1530 1850 1762 1906 Similiter
1797 1853 1880 1909 fiat
1918 1859 2080 1910 EI:
2105 1858 2196 1911 BA
2237 1861 2287 1911 &
2331 1877 2391 1911 ex
2427 1860 2466 1910 B
2508 1858 2554 1910 in
2594 1861 2638 1912 K

1530 1930 1853 1987 transferatur
1874 1951 1926 1988 ut
1951 1953 2065 1989 ante
2091 1933 2243 2007 dupla
2271 1936 2497 1991 distantia
2523 1939 2640 2008 Spe·

1533 2009 1761 2064 culorum
1787 2014 1877 2066 bl)
1904 2018 1954 2068 ὃς
1979 2015 2091 2068 inde
2121 2034 2273 2087 porro
2301 2017 2348 2070 in
2370 2014 2637 2078 infinitum,

1533 2088 1754 2161 itemque
1782 2109 1843 2145 ex
1874 2094 1919 2146 A
1946 2093 1992 2147 in
2020 2096 2059 2148 L
2095 2098 2145 2148 &
2171 2093 2285 2148 inde
2317 2114 2471 2168 porro
2497 2094 2545 2147 in
2564 2095 2639 2148 in-

1533 2165 1743 2224 finitum.
1827 2173 1962 2226 Dico
1999 2173 2046 2226 in
2086 2174 2302 2245 Speculo
2338 2176 2431 2228 121)
2462 2171 2642 2245 Imagi-

1534 2264 1648 2300 nem
1683 2249 1879 2319 Objeesti
1909 2250 1957 2303 A
1993 2249 2142 2306 visum
2187 2252 2243 2306 iri
2278 2254 2325 2306 in
2371 2256 2407 2306 Ρ
2441 2270 2531 2324 per
2565 2269 2640 2305 re-

1534 2327 1799 2382 flexionem
1832 2328 2094 2401 {implicem
2121 2370 2133 2387 ‚
2177 2332 2226 2385 in
2265 2334 2313 2386 G
2350 2349 2436 2402 per
2469 2330 2639 2402 dupli-

1535 2422 1644 2458 cem
1670 2446 1684 2469 ,
1718 2409 1764 2461 in
1798 2411 1848 2461 H
1875 2426 1963 2480 per
1998 2409 2239 2482 triplicem
2272 2415 2323 2465 &
2349 2410 2413 2463 ita
2446 2426 2635 2482 porro:

1473 2516 1475 2535 i
1533 2482 1850 2559 similiterque
1886 2488 1932 2540 in
1974 2490 2134 2542 altero
2168 2491 2385 2562 Speculo
2425 2485 2638 2543 eandem

1531 2565 1867 2634 apparituram
1900 2566 1947 2620 in
1987 2569 2007 2621 I
2051 2587 2138 2641 per
2168 2569 2492 2622 reflexionem
2533 2565 2638 2620 fim-

1531 2643 1709 2714 plicem
1736 2683 1751 2707 ‚
1791 2646 1839 2698 in
1868 2645 1906 2697 L
1941 2665 2025 2718 per
2058 2647 2343 2720 duplicem,
2383 2648 2430 2700 in
2472 2651 2516 2701 K
2552 2663 2638 2717 per

1531 2723 1775 2791 triplicem
1794 2762 1807 2785 ‚
1828 2728 1877 2777 δε
1898 2725 2101 2797 quidem
2130 2726 2375 2800 Imagines
2390 2765 2404 2790 ‚
2426 2742 2636 2797 quarum

1532 2800 1760 2855 distantia
1791 2802 2151 2859 determinatur
2185 2824 2245 2859 ex
2285 2794 2402 2859 loco
2435 2801 2637 2871 Objccti

1532 2879 1613 2942 A,
1649 2881 1952 2936 exhibituras
1978 2901 2167 2955 partem
2195 2882 2223 2938 a
2251 2885 2469 2956 Speculo
2500 2899 2639 2937 aver-

1533 2956 1628 3012 sam
1649 2998 1665 3022 ,
1704 2979 1815 3032 quae
1841 2980 1960 3013 vcro
1992 2982 2051 3016 ex
2091 2965 2316 3026 PunCtis³
2351 2965 2427 3017 cui
2454 2966 2638 3034 Specu-

1534 3038 1581 3090 la
1620 3038 1866 3102 infistunt‚
1894 3042 1946 3094 D
1973 3047 2022 3097 3<
2047 3044 2087 3095 Β
2118 3043 2540 3104 determinantur,
2567 3058 2639 3094 re-

1534 3116 1662 3171 ferre
1701 3117 1892 3174 debere
1932 3138 2121 3193 partem
2172 3122 2370 3189 Objeeci
2424 3118 2641 3193 Speculo

1533 3197 1810 3270 oppositam
1832 3238 1846 3262 ,
1889 3218 2068 3272 nempe
2098 3201 2145 3254 in
2175 3203 2212 3253 Ρ
2239 3205 2288 3255 &
2323 3203 2372 3253 H
2400 3198 2641 3253 videbun-

1535 3292 1613 3330 tur
1644 3277 1924 3340 austeriora³
1962 3280 2010 3333 in
2040 3282 2087 3334 G
2118 3281 2390 3352 posteriora
2416 3299 2428 3336 ς
2470 3292 2641 3331 contra

1534 3355 1584 3410 in
1615 3358 1637 3411 I
1667 3360 1717 3413 ὅ(
1753 3361 1797 3410 Κ
1824 3359 2099 3433 posteriora
2116 3398 2132 3424 ,
2153 3360 2200 3414 in
2225 3360 2267 3415 L
2292 3358 2561 3415 anteriora.

2502 3438 2643 3501 Quo·

2701 1058 2713 1089 2
