2678 3764
199 217 282 270 xv
929 193 1941 275 PR‘AEFATJO.

201 350 522 424 tationem
570 351 844 423 eandem
896 377 1197 447 ponunt,
1250 359 1321 426 δε
1372 354 1678 452 Principia
1721 355 1802 428 de
1852 356 2109 430 Visione
2149 358 2538 459 magnitudi

199 457 295 528 nis
346 485 418 528 ac
449 455 711 527 Immiss
716 483 842 528 one
878 458 1174 529 Luminis
1225 459 1538 531 uberiora.
1653 466 1797 538 Ita,
1837 487 2057 557 praeter
2092 465 2246 539 alia,
2260 419 2533 560 D-Catop

200 562 368 633 tricae
416 561 767 657 adjecimus
820 569 1037 657 Caput
1091 563 1419 662 integrum
1468 565 1773 661 quintum
1839 566 1920 636 de
1961 565 2333 664 Catoptrica
2380 580 2540 641 Ana-=

195 664 431 766 lyrica,
488 671 558 737 ὃς
621 665 968 760 Dioptricae
1006 694 1277 739 novum
1331 667 1411 739 de
1464 667 1817 764 Perspicillis
1861 674 1931 739 ὃς
1983 668 2315 766 Dioptrica
2366 679 2538 742 Ana-

196 769 453 869 lytica3
484 795 629 842 tum
681 769 873 839 etiam
924 769 989 840 in
1045 769 1167 842 hac
1204 770 1652 867 Telescopium
1702 774 2259 870 Catadioptricum
2301 780 2375 846 N
2395 804 2537 847 Ew-

200 904 534 946 ToNrAN
558 899 682 947 UM
709 921 726 948 2
773 900 902 946 una
940 901 1097 946 cum
1141 875 1535 948 Mechanico
1573 885 1640 948 H
1665 903 1701 944 A
1730 906 1773 946 D
1797 907 1832 947 L
1858 901 1973 947 1311
2044 901 2347 992 apparatu
2386 876 2537 948 ube

195 979 320 1050 rius
383 978 881 1073 explicavimus,
960 1001 1293 1074 propterea
1358 981 1545 1078 quod
1596 981 1880 1076 ejusdem
1929 981 2138 1051 usus
2123 1008 2186 1050 m
2226 981 2536 1055 Observa-

196 1083 373 1153 toriis
427 1081 891 1153 Astronomicis
944 1081 1146 1155 hodie
1201 1083 1557 1156 invalescat.
1673 1090 1746 1154 In
1784 1083 2312 1183 Trigonometria
2331 1083 2538 1181 Sphae.

197 1184 322 1257 rica
368 1185 719 1282 adjecimus
762 1186 932 1259 varia
983 1186 1066 1259 ad
1114 1186 1510 1260 solutionem
1556 1186 1974 1259 Problematis
2022 1188 2104 1258 de
2145 1188 2414 1289 Angulis
2460 1216 2538 1260 ex

193 1291 395 1362 tribus
453 1289 751 1363 lateribus
804 1291 967 1362 dati‘s
1024 1291 1442 1363 inveniendis.
1553 1291 1856 1363 Maxima
1915 1318 2072 1364 vero
2145 1291 2541 1364 incrementa

190 1393 486 1468 accessere
515 1395 986 1473 Astronomiae,
1037 1397 1375 1492 praesertim
1424 1396 1588 1468 Parti
1643 1396 1926 1492 ejusdem
1976 1394 2342 1475 Theoricae‚
2394 1420 2541 1467 tum

193 1498 381 1596 quod
431 1498 666 1571 interea
709 1499 1018 1596 temporis
1048 1553 1063 1576 ,
1117 1526 1256 1598 quo
1306 1501 1526 1597 primae
1554 1499 1835 1570 Editioni
1877 1497 2011 1570 haec
2063 1499 2256 1572 altera
2314 1500 2538 1572 succes-

192 1604 306 1679 sit,
385 1605 551 1676 varia
601 1628 831 1676 notatu
894 1604 1090 1704 digna
1139 1604 1314 1676 fuere
1356 1605 1607 1675 deoecra
1636 1656 1651 1680 ,
1702 1627 1846 1674 tum
1892 1604 2077 1703 quod
2121 1603 2287 1675 olim
2350 1604 2414 1675 in
2462 1603 2537 1674 iis

189 1708 718 1805 acquieveramus
760 1762 777 1785 ‚
862 1735 1008 1806 quae
1084 1715 1544 1782 KEPLERUS
1612 1707 1737 1802 ipse
1814 1709 1895 1780 de
1963 1705 2070 1779 sua
2131 1706 2536 1781 Planetarum

191 1809 473 1884 Theona
514 1812 897 1889 tradiderat,
936 1812 1175 1884 omissis
1218 1812 1291 1883 iis
1322 1866 1340 1891 ,
1392 1840 1535 1910 quae
1572 1812 1655 1885 ad
1705 1838 1848 1883 eam
1882 1811 2334 1909 perficiendam
2372 1835 2538 1884 attu-

193 1915 320 1988 lere
361 1917 758 1989 recentiores.
868 1918 1056 1989 Hisce
1106 1916 1512 1987 incrementis
1558 1917 1866 1988 accenseri
1909 1915 2179 1993 debent,
2250 1945 2395 2016 quae
2449 1917 2536 1987 de

192 2020 637 2118 Atmosphaera
668 2021 905 2099 Solari‚
939 2022 1020 2092 de
1068 2021 1336 2093 maculis
1380 2022 1637 2095 Veneris
1666 2075 1680 2099 ‚
1739 2021 1819 2092 de
1855 2017 2097 2093 tentata
2127 2019 2537 2095 observatio.

191 2152 277 2196 ne
315 2125 707 2199 Parallaxeos
733 2128 1030 2199 Fixarum
1065 2123 1279 2198 annua
1317 2129 1388 2197 ὃς
1434 2125 1699 2198 detectis
1737 2124 2091 2197 earundem
2127 2123 2536 2208 aberrationi-

193 2228 317 2301 bus
341 2232 565 2302 annuis
584 2285 599 2308 ‚
634 2232 715 2303 de
745 2230 1151 2305 observando
1170 2229 1453 2303 Solstitio
1498 2257 1625 2327 ope
1653 2230 2064 2307 Gnomonis,
2091 2229 2171 2300 de
2188 2227 2536 2302 Anomalia

188 2333 530 2433 coaequata
570 2361 644 2407 ex
685 2334 901 2408 media
941 2331 1179 2407 directe
1225 2333 1662 2412 invenienda,
1708 2334 1790 2405 de
1842 2332 2017 2406 nova
2057 2332 2271 2407 forma
2313 2332 2538 2407 Tabu-

193 2435 404 2511 larum
445 2443 1081 2516 Astronomicarum‚
1125 2440 1206 2510 de
1244 2439 1723 2512 Excent-ricitate
1763 2438 2010 2511 Orbitas·
2050 2437 2355 2534 Ellipticae
2394 2435 2537 2509 Tel-

196 2541 346 2614 luris
413 2549 484 2617 ὅ(
527 2544 930 2617 Plane-tarum
974 2544 1473 2642 primariorum,
1549 2570 1680 2616 una
1725 2570 1879 2616 cum
1942 2541 2262 2639 pofitione
2321 2541 2537 2615 Lineae

196 2647 511 2742 Apfidum
549 2649 961 2741 invenienda
998 2650 1079 2721 de
1128 2673 1324 2720 motu
1371 2648 1695 2749 vertiginis
1727 2655 1956 2722 Lunae,
1996 2643 2536 2744 aliisquetradun-

197 2772 316 2821 tur
441 2758 622 2824 Cum
694 2754 759 2825 in
820 2755 1120 2828 Editione
1183 2750 1388 2850 prima
1438 2753 1782 2849 Eclipfium
1836 2749 2158 2822 Solarium
2209 2748 2535 2821 calculum

200 2880 310 2951 per
349 2855 741 2935 Parallaxes‚
790 2884 1020 2956 utpote
1059 2859 1341 2929 maxime
1407 2858 1753 2935 usitatum,
1816 2849 2292 2927 tantummode)
2339 2880 2540 2950 expo-

201 2958 566 3038 fuissemus,
612 2961 810 3033 hodie
863 2991 1018 3035 vero
1060 2961 1397 3033 invalescat
1449 2963 1691 3034 modus
1743 2964 1779 3033 a
1818 2967 1990 3032 Kb
1957 2989 1990 3030 1
2011 2987 2232 3030 LERo
2272 2957 2538 3056 excogi-

200 3087 405 3139 tatus,
465 3066 904 3139 considerandi
957 3066 1224 3181 Eclipses
1284 3068 1530 3139 Solares
1579 3091 1896 3165 tanquam
1945 3063 2213 3160 Eclipses
2255 3072 2462 3134 Terrae
2500 3089 2536 3133 a

205 3166 487 3238 Selenitis
529 3170 1004 3249 observandas,
1043 3171 1237 3271 igitur
1273 3169 1532 3270 integro
1574 3172 1803 3266 Capite
1843 3169 2095 3267 elegans
2148 3166 2335 3239 13οσ.
2320 3191 2540 3238 mven-

199 3295 352 3347 tum
399 3273 706 3372 explicare
768 3275 1137 3351 voluimus:
1248 3275 1435 3348 Nulli
1500 3278 1694 3378 igitur
1749 3272 2122 3349 dubitamus
2196 3271 2382 3349 fore,
2374 3372 2437 3445 h
2425 3292 2537 3442 sut

2423 3396 2538 3444 ice
