2678 3764
216 213 255 262 2
692 140 1949 257 PRAEFATJ'O.

221 341 615 417 exhibentur.
734 338 1005 412 Utinam
1047 365 1147 410 eas
1201 334 1700 412 considerarent,
1756 336 1866 436 qui
1917 337 1998 408 ad
2035 343 2160 412 Res
2221 340 2534 414 naturales

222 445 584 520 scrutandas
627 444 922 514 animum
966 441 1333 539 appellunt!
1424 444 1516 510 Ita
1556 439 1732 511 enim
1783 467 1918 511 uno
1971 441 2105 511 ictu
2154 469 2229 513 ex
2284 442 2537 542 Physica

224 550 714 647 profligarentur
786 544 1045 616 horrida
1109 542 1594 643 Imaginationis
1660 547 1945 616 monstra
2007 550 2084 619 ,δε
2159 572 2538 621 commenta

224 652 789 748 Philosophorum.
913 655 1141 744 Operae
1198 649 1414 746 itaque
1463 647 1741 744 pretium
1794 649 1994 721 fecere
2043 650 2539 732 Mathematici,

229 755 744 828 immutabilium
791 760 1058 824 Naturae
1109 759 1368 851 Legum
1420 757 1795 846 Interpretes
1865 753 2169 852 genuini,
2248 757 2431 851 quod
2475 757 2541 828 in

228 868 433 959 Leges
472 859 744 932 Visionis
807 855 983 928 solita
1039 855 1335 928 industria
1390 855 2173 972 inquifiverint.Q1are
2225 885 2378 930 cum
2434 886 2543 930 eae-

231 965 386 1034 dem
437 962 499 1031 in
529 959 765 1058 Optica
805 957 1220 1054 explicentur,
1234 963 1386 1075 ..ejus
1442 959 1651 1030 studio
1703 987 1932 1033 omnes
1969 962 2257 1062 gnaviter
2296 963 2544 1034 incum

232 1066 378 1138 bere
430 1062 708 1143 debent,
769 1063 1003 1163 quibus
1051 1064 1346 1164 cognitio
1393 1071 1634 1137 Rerum
1685 1064 2075 1136 naturalium
2126 1092 2289 1138 curce
2341 1066 2545 1138 cordi

231 1196 359 1268 que
411 1168 625 1241 existit.
739 1175 899 1240 Sunt
949 1195 1104 1241 vero
1137 1123 1359 1239 &etiam
1417 1167 1625 1239 multa
1684 1169 1750 1239 in
1797 1168 2054 1267 Physica
2115 1194 2540 1270 argumenta,

230 1301 372 1373 quae
420 1274 547 1344 fine
608 1272 860 1370 Opticae
899 1272 1211 1368 principiis
1264 1271 1551 1343 accurate
1605 1271 1864 1372 intelligi
1915 1299 2265 1372 nequeunt.
2378 1275 2544 1363 Qis

228 1377 403 1449 enim
447 1377 527 1448 de
554 1377 867 1456 Lumine,
935 1376 1013 1447 de
1055 1374 1442 1451 Colotibus‚
1492 1375 1572 1447 de
1619 1377 1965 1473 Diaphano
1997 1432 2012 1455 ,
2049 1385 2321 1473 Opaco‚
2358 1378 2551 1450 Luci-

228 1482 319 1553 do
349 1535 364 1559 ‚
412 1481 492 1552 de
532 1481 843 1557 Meteoris
882 1479 1271 1576 Emphaticis
1303 1534 1318 1557 ,
1370 1480 1529 1551 Iride
1556 1533 1571 1557 ,
1622 1481 1906 1553 Coronis
1938 1535 1955 1559 ,
2008 1481 2328 1560 Patheliis‚
2372 1490 2546 1554 Para⁴³²

226 1584 486 1663 selenis,
549 1587 764 1656 immo
810 1585 889 1656 de
944 1582 1075 1681 ipsa
1115 1584 1384 1657 Visionis
1427 1582 1648 1656 natura
1698 1586 1848 1657 certi
1903 1584 2236 1683 quidpiam
2291 1589 2549 1664 statuet,

222 1687 337 1759 ubi
392 1693 642 1784 Opticae
696 1688 881 1759 fuerit
943 1690 1198 1788 ignarus
1247 1697 1264 1758 ?
1377 1689 1541 1783 Qis
1604 1688 1899 1762 Siderum
1960 1715 2257 1761 naturam
2317 1701 2335 1760 ἓ
2405 1690 2548 1787 quis

220 1794 585 1891 Systematis
641 1793 968 1864 Mundani
1025 1796 1406 1865 structuram
1454 1806 1471 1863 ?
1554 1792 1698 1890 quis
1771 1794 2176 1866 Planetarum
2250 1816 2473 1864 motus
2528 1805 2546 1865 ?

219 1923 362 1996 quls
405 1895 861 1970 Luminarium
907 1896 1174 1994 Eclipses
1224 1922 1365 1969 non
1404 1896 1610 1972 invita
1655 1896 1952 1970 Minerva
2003 1896 2381 1975 rimabitur,
2434 1897 2547 1968 nisi

217 2000 485 2097 Optices
529 2001 909 2101 cognitione
959 2000 1306 2074 imbutus
1296 2014 1312 2051 ³
1368 2008 1457 2072 Ea
1511 2001 1704 2101 igitur
1757 2004 1822 2073 in
1854 1999 2267 2074 Astronomia
2308 2025 2547 2072 utram-

217 2130 347 2202 que
386 2106 691 2205 paginam
731 2106 878 2178 facit
905 2160 921 2185 ,
973 2133 1091 2178 nec
1141 2105 1222 2177 ad
1252 2106 1596 2178 Scientiam
1635 2105 1815 2178 istam
1864 2106 2164 2177 accedere
2203 2105 2546 2203 quisquam

217 2208 441 2289 debet,
470 2210 580 2282 nis1
608 2209 844 2306 Optica
894 2207 1180 2282 salutata.
1290 2209 1531 2307 Peperit
1563 2208 1761 2282 etiam
1792 2210 2026 2305 Optica
2054 2211 2203 2280 Pers
2189 2211 2543 2305 pectivam,

216 2314 381 2385 Artis
425 2314 713 2386 Pictoriae
756 2315 1377 2412 complementum,
1432 2308 1647 2385 immo
1703 2314 1952 2385 nullam
2003 2312 2198 2384 habet
2241 2313 2377 2384 haec
2426 2319 2539 2385 Ars

216 2416 542 2518 Regulam
580 2473 598 2498 ,
672 2421 852 2517 cujus
918 2418 1081 2491 ratio
1128 2418 1194 2490 in
1257 2416 1492 2515 Optica
1556 2445 1697 2488 non
1768 2417 2194 2490 contineatur.
2307 2423 2540 2489 Unum

217 2521 373 2595 vero
426 2526 556 2600 est,
630 2523 816 2623 quod
878 2550 1194 2595 moneam
1241 2557 1252 2593 :
1331 2523 1481 2622 quia
1541 2522 1872 2595 veritatem
1939 2549 2170 2618 puram
2233 2521 2541 2593 Mathesis

217 2625 674 2723 complectitur
706 2681 724 2707 ,
781 2627 1199 2724 opinionibus
1247 2627 1644 2700 maculatam
1695 2629 2098 2753 aspernatur,
2163 2655 2199 2698 a
2248 2623 2542 2696 Philoso-

214 2727 506 2825 phorum
545 2732 1027 2847 Hypothefibus
1081 2730 1396 2810 abstinui,
1454 2759 1611 2831 quas
1659 2725 1939 2832 vulgo
1923 2758 1988 2802 1n
2016 2731 2326 2826 Opticam
2366 2727 2538 2800 male
2593 2792 2595 2794 ,

214 2835 602 2914 intrudunt,
669 2863 738 2908 ns
799 2863 1036 2933 nempe
1092 2835 1236 2907 solis
1288 2859 1675 2914 contentus,
1754 2863 1898 2936 quae
1964 2856 2079 2908 aut
2143 2831 2538 2931 Experientia

213 2964 425 3019 certa,
482 2963 593 3012 aut
633 2940 1206 3015 Demonstratione
1244 2939 1431 3015 firma
1478 2943 1789 3015 nituntur.

2317 3389 2535 3470 ELE÷
